3209 5200
626 363 712 428 48

787 804 853 851 28

785 1160 850 1208 32

785 1515 851 1563 36

782 1871 851 1919 40

780 2227 848 2273 44

776 2583 845 2631 48

772 3956 836 4002 12

818 4112 2672 4205 A‘<Aa)7vB‘(B0)D‘<D1)RF(q>w)a‘(iz)mamm-dmm)

749 4242 816 4292 35
847 4237 1085 4293 dimittit
1105 4238 1237 4291 CDz
1264 4254 1386 4307 opp.
1409 4243 1524 4292 cett.
1667 4244 1735 4291 39
1765 4239 1825 4292 et
1842 4239 1948 4307 ὃυςι]
1975 4240 2125 4291 omis,
2148 4244 2261 4292 cett.
2290 4239 2428 4307 Pph.

605 4305 834 4363 AB'Ru
860 4311 1015 4378 gloss.
1051 4314 1103 4362 Γ
1171 4310 1390 4363 Delenit
1419 4307 1455 4362 ὰ
1527 4308 1741 4363 Delinit
1766 4306 2183 4377 va'Fz'aVLu‘
2260 4310 2476 4364 falerna.
2503 4305 2893 4363 A‘BFz'o‘ma'

677 4381 921 4435 falernae
949 4376 1207 4449 va'RL
1278 4380 1490 4434 salerne
1525 4380 1572 4433 G
1700 4386 1770 4434 44
1799 4380 1943 4434 Vitis
1971 4375 2283 4434 RFz'o‘nu'
2359 4381 2518 4434 Vites
2548 4376 2897 4449 A'va'D'L

637 4464 640 4467 ·
747 4452 827 4503 ΠΙ
874 4457 923 4505 2.
1011 4460 1034 4504 1
1097 4452 1309 4505 amicae
1356 4467 1386 4504 z
1475 4452 1652 4505 amice
1699 4457 1813 4505 cett.
1870 4452 2187 4505 Victorinus
2241 4452 2469 4504 Seruius
2522 4454 2589 4504 de
2640 4453 2827 4505 metris
2900 4496 2905 4501 .

606 4521 797 4578 amicae
839 4523 979 4590 Pph.
1055 4522 1222 4575 amici
1257 4522 1377 4592 R2y
1413 4518 1558 4577 Aer!
1706 4541 1760 4575 u.
1797 4529 1828 4574 2
1868 4524 2049 4575 omisit
2083 4522 2138 4574 B
2282 4540 2377 4615 uto.
2419 4529 2592 4575 5-12
2631 4524 2813 4576 omisit
2837 4522 2906 4575 B,

1590 383 1957 432 CARMINVM

947 526 1421 608 Desiderantem,
1465 528 1625 610 quod
1675 532 1816 588 satis
1864 536 1983 609 est,
2032 547 2225 605 neque

947 615 1402 678 Tumultuosum
1450 617 1725 677 sollicitat
1771 636 1961 697 mare,

1033 705 1153 765 Nec
1202 723 1412 767 saeuos
1459 706 1699 766 Arcturi
1746 705 2009 766 cadentis

1122 794 1386 874 Impetus
1434 804 1535 855 aut
1581 797 1829 855 orientis
1876 794 2089 875 Haedi,

943 882 1074 942 Non
1123 883 1470 943 uerberatae
1517 883 1802 962 grandine
1851 884 2061 944 uineae

943 970 1306 1050 Fundusque
1353 972 1635 1052 mendax,
1682 972 1893 1032 arbore
1942 991 2100 1054 nunc
2149 992 2330 1051 aquas

1033 1060 1346 1141 Culpante‚
1394 1079 1553 1122 nunc
1601 1064 1889 1122 torrentia
1936 1079 2111 1139 agros

1122 1150 1355 1230 Sidera,
1401 1169 1559 1210 nunc
1606 1151 1831 1210 hiemes
1878 1153 2127 1229 iniquas,

944 1237 1258 1299 Contracta
1304 1241 1499 1319 pisces
1545 1258 1803 1317 aequora
1852 1241 2119 1298 sentiunt
2200 1291 2203 1298 .

943 1325 1117 1387 Iactis
1163 1331 1222 1388 in
1272 1328 1453 1388 altum
1498 1327 1781 1388 molibus:
1829 1327 1944 1387 huc
1991 1328 2275 1405 frequens

1033 1415 1349 1477 Caemeuta
1395 1417 1653 1477 demittit
1700 1417 2041 1495 redemptor

1122 1505 1270 1565 Cum
1317 1505 1548 1567 famulis
1596 1506 1990 1584 dominusque
2040 1513 2233 1565 terrae

941 1592 1320 1654 FastidiosuS.
1381 1596 1483 1655 sed
1531 1597 1711 1655 timor
1758 1604 1817 1655 et
1865 1598 2055 1655 minae

944 1681 1246 1752 Scandtmt
1295 1684 1501 1744 eodem
1550 1703 1667 1762 quo
1716 1685 2017 1762 domium,
2064 1701 2259 1761 neque

1030 1770 1275 1832 Decedit
1321 1783 1516 1832 aerata
1565 1777 1795 1833 triremi
1843 1783 1902 1833 et

1119 1860 1262 1920 Post
1307 1864 1569 1940 equitem
1617 1863 1783 1921 sedet
1830 1869 1953 1921 atra
2001 1879 2160 1921 cura.

942 1948 1165 2018 Quodsi
1215 1949 1510 2010 dolentem
1559 1969 1671 2010 nec
1716 1950 2007 2029 Phrygius
2054 1949 2202 2028 lapis

938 2036 1061 2096 Nec
1106 2057 1509 2117 purpurarum
1556 2039 1750 2099 sidere
1798 2040 2013 2099 clarior

1028 2125 1260 2187 Delenit
1307 2146 1454 2188 usus
1504 2147 1611 2187 nec
1658 2127 1902 2187 Falerna

1117 2215 1264 2276 Vitis
1310 2217 1891 2294 Achaemeniumque
1941 2223 2199 2277 costum:

940 2303 1060 2363 Cur
1107 2305 1446 2365 inuidendis
1490 2305 1764 2383 postibus
1812 2314 1872 2365 et
1918 2323 2074 2365 nouo

940 2391 1203 2452 Sublime
1252 2396 1369 2454 ritu
1418 2394 1627 2453 moliar
1674 2391 1932 2454 atrium?

1026 2482 1147 2542 Cur
1195 2482 1344 2542 ualle
1393 2491 1730 2562 permutem
1778 2482 2020 2543 Sabina.

1114 2570 1363 2633 Diuitias
1411 2568 1833 2651 operosiores‘?

1732 2859 1786 2919 Π

852 2971 868 2978 “
934 2967 1254 3044 Angustam
1304 2967 1488 3025 amice
1536 2968 1880 3044 pauperiem
1927 2969 2046 3045 pati

932 3054 1236 3114 Robustus
1283 3056 1403 3114 acri
1449 3054 1657 3114 militia
1702 3073 1852 3134 puer

1024 3138 1340 3203 Condiscat
1386 3150 1444 3202 et
1489 3143 1742 3202 Parthos
1791 3145 2005 3203 ferocis

1113 3230 1298 3291 Vexet
1344 3250 1528 3309 eques
1576 3231 1932 3292 metuendus
1979 3232 2145 3291 hasta

934 3320 1242 3397 Vitamque
1293 3319 1401 3379 sub
1451 3320 1589 3380 diuo
1641 3330 1700 3379 et
1749 3322 2172 3399 trepidis-agat

932 3408 999 3468 ln
1048 3408 1243 3467 rebus,
1292 3408 1457 3467 illum
1505 3428 1575 3469 ex
1624 3409 1933 3469 moenibus
1980 3410 2226 3469 hosticis

1017 3497 1284 3557 Matrona
1329 3496 1600 3558 bellantis
1645 3502 1881 3577 tyranni

1108 3586 1487 3665 Prospiciens
1534 3596 1594 3647 et
1641 3588 1838 3648 adulta
1885 3590 2054 3665 uirgo

932 3675 1229 3754 Suspiret:
1277 3670 1481 3755 ‘eheu,
1528 3695 1602 3736 ne
1652 3678 1820 3737 rudis
1868 3678 2168 3754 agminum

931 3764 1198 3843 Sponsus
1243 3764 1492 3825 lacessat
1536 3768 1738 3843 regius
1786 3783 2065 3844 asperum

1018 3852 1205 3912 Tactu
1252 3852 1510 3927 leonem,
1559 3872 1737 3930 quem
1785 3862 2031 3913 cruenta

1106 3941 1220 4000 Per
1272 3942 1492 4001 medias
1538 3945 1694 4019 rapit
1741 3944 1828 4001 ira
1875 3936 2126 4002 caedes,9

2524 4267 2527 4268 ν
2575 4244 2641 4291 43
2673 4238 2898 4292 Delenit
