3209 5200
403 490 411 494 ,
484 395 619 462 250

1513 398 1746 453 INDEX

1420 550 1850 615 SERMONVM.

488 665 926 720 Ambubaiarum
964 665 1247 735 conlegia,
1286 666 1611 735 pharmaco·
1672 664 1820 719 Olim
1858 668 2084 719 truncus
2123 682 2275 718 eram
2304 665 2556 732 ficulnus,
2592 665 2795 719 inutile

558 737 725 805 polae
761 737 788 788 Ι
804 780 817 804 ,
857 743 905 790 2.

1741 737 1957 805 lignum
1994 738 2045 804 Ι,
2087 744 2138 791 8.

485 808 779 877 Egressum
821 823 1030 877 magna-
1054 823 1143 860 me
1174 807 1395 877 accepit
1423 806 1611 861 Aricia
1671 807 1941 862 Omnibus
1971 808 2077 861 hoc
2106 807 2308 861 uitium
2339 810 2423 861 est
2451 806 2794 875 cantoribus,

557 879 738 932 Roma
774 878 826 946 I,
864 883 913 931 5.

484 949 718 1018 Eupolis
804 952 972 1018 atque
1057 948 1313 1004 Cratinus

554 1020 878 1090 phanesque
917 1022 1117 1089 poetae
1158 1020 1207 1088 Ι,
1246 1024 1294 1075 4.

1739 880 1886 932 inter
1923 878 2133 933 amicos
2171 879 2223 946 Ι,
2262 885 2312 933 3.

1396 949 1608 1004 Aristo·
1668 949 1970 1019 Proscripti
2018 949 2188 1019 Regis
2235 948 2427 1018 Rupili
2473 968 2576 1019 pus
2623 951 2795 1018 atque

1740 1038 2015 1075 uenenum
2052 1020 2104 1089 I,
2146 1026 2192 1074 7.

482 1092 603 1144 Hoc
626 1092 824 1145 eratin
843 1091 1015 1145 uotis:
1038 1091 1233 1144 modus
1255 1091 1377 1160 agri
1397 1091 1611 1146 nonita
1669 1092 1823 1156 Quae
1879 1092 2058 1145 uirtus
2106 1095 2164 1146 et
2211 1092 2444 1160 quanta,
2501 1090 2661 1159 boni,
2721 1090 2799 1144 sit

555 1179 791 1231 magnus
826 1162 907 1229 ΙΙ,
948 1169 996 1215 6.

1742 1163 1930 1216 uiuere
1967 1180 2141 1231 paruo
2182 1164 2257 1230 ΙΙ,
2296 1170 2346 1217 2.

484 1234 602 1288 Hoc
642 1250 889 1303 quoque,
936 1232 1184 1300 Teresia,
1222 1234 1446 1302 praeter
1483 1251 1614 1287 nar-
1669 1233 1775 1299 Qui
1813 1234 1903 1300 fit,
1940 1234 2259 1302 MaecenaS,
2300 1235 2362 1287 ut
2397 1250 2584 1301 nemo,
2625 1250 2794 1301 quam

554 1306 678 1359 rata
714 1302 927 1373 petenti
966 1304 1042 1371 II,
1083 1309 1132 1356 5.

1739 1305 1845 1357 sibi
1885 1307 2092 1357 sortem
2130 1306 2181 1371 Ι,
2224 1312 2269 1357 1.

484 1374 814 1429 Iamdudum
853 1346 1107 1429 ausculto
1146 1376 1204 1429 et
1241 1374 1467 1444 cupiens
1506 1376 1612 1429 tibi
1669 1375 1727 1429 Si
1772 1392 1898 1429 raro
1937 1376 2161 1445 scribes,
2198 1378 2262 1429 ut
2297 1376 2418 1429 toto
2456 1392 2567 1429 non
2595 1379 2797 1443 quater

557 1444 743 1499 dicere
784 1462 971 1500 seruos
1011 1444 1091 1511 II,
1133 1452 1181 1497 7.

1739 1464 1884 1499 anno
1923 1447 2000 1514 ΙΙ,
2039 1454 2088 1500 3.

485 1518 643 1571 Ibam
697 1517 840 1571 forte
888 1516 981 1576 uia
1027 1532 1210 1584 sacra,
1266 1516 1411 1571 sicut
1454 1534 1610 1573 meus
1669 1519 1810 1571 Sunt
1851 1517 2050 1585 quibus
2088 1517 2146 1571 in
2185 1520 2373 1571 satura
2399 1516 2596 1571 uidear
2625 1516 2791 1571 nimis

561 1590 649 1642 est
685 1604 805 1641 mos
843 1588 894 1654 I,
934 1593 982 1643 9.

1739 1605 1868 1641 acer
1907 1590 1964 1641 et
2001 1589 2151 1641 ultra
2186 1588 2262 1655 Il,
2307 1594 2353 1641 1.

486 1658 703 1727 Nempe
717 1658 1091 1726 incomposito
1106 1657 1222 1713 dixi
1236 1659 1608 1727 pedecurrere
1673 1660 1826 1713 Vnde
1866 1660 1922 1713 et
1959 1676 2070 1726 quo
2111 1658 2340 1713 Catius?
2379 1676 2487 1711 non
2529 1659 2616 1713 est
2652 1658 2786 1712 mihi

562 1746 753 1782 uersus
791 1728 850 1794 Ι,
892 1735 973 1785 10.

486 1799 781 1867 Nonquia,
810 1772 1121 1867 Maecenas,
1153 1801 1437 1869 Lydorum
1459 1801 1608 1875 quic-

557 1870 694 1941 quid
732 1870 992 1924 Etruscos
1031 1873 1081 1939 Ι,
1125 1879 1171 1926 6.

1739 1733 1961 1800 tempus
2000 1731 2191 1784 auenti
2229 1730 2306 1797 II,
2346 1736 2396 1783 4.

1670 1801 1747 1855 Vt
1782 1801 2072 1855 Nasidieni
2120 1800 2265 1855 iuuit
2309 1802 2366 1854 te
2417 1817 2554 1855 cena
2603 1799 2794 1855 beati?

1635 1854 1640 1941 Ι
1741 1873 1818 1940 11,
1859 1879 1908 1927 s.

1365 2048 1906 2104 EPISTVLARVM.

484 2156 633 2224 Albi,
672 2160 989 2211 nostrorum
1029 2173 1343 2210 sermonum
1374 2156 1607 2211 candide

555 2227 725 2281 iudex
761 2228 814 2296 Ι,
852 2234 903 2279 4.

488 2298 647 2353 Celso
696 2298 940 2366 gaudere
988 2300 1047 2351 et
1080 2298 1223 2351 bene
1262 2315 1378 2351 rem
1416 2315 1605 2367 gerere

556 2369 910 2423 Albinouano
949 2369 1001 2435 Ι,
1042 2373 1092 2421 8.

488 2439 626 2493 Cum
663 2442 752 2494 tot
787 2440 1057 2493 sustineas
1096 2440 1153 2493 et
1189 2440 1351 2493 tanta
1380 2438 1610 2508 negotia

560 2511 709 2564 solus
747 2511 825 2576 II,
866 2518 912 2565 1.

485 2582 673 2646 More,
722 2581 869 2636 bono
908 2581 1169 2650 claroque
1209 2580 1390 2634 fidelis
1430 2580 1607 2636 amice

556 2653 767 2707 Neroni
803 2655 880 2720 11,
920 2661 967 2706 2.

485 2724 781 2779 Fructibus
837 2725 1123 2794 Agrippae
1181 2721 1405 2787 Siculis,
1469 2740 1607 2790 quos

558 2794 805 2864 colligis,
844 2795 954 2848 Icci
991 2796 1041 2862 Ι,
1085 2801 1166 2848 12.

486 2866 595 2920 Iuli
630 2866 811 2933 Flore,
850 2866 1051 2934 quibus
1088 2869 1363 2920 terrarum
1402 2864 1610 2919 militet

557 2936 667 2991 oris
703 2937 754 3004 I,
794 2943 843 2990 3.

485 3009 569 3062 Ne
591 3007 952 3078 perconteris,
981 3007 1182 3060 fundus
1205 3025 1375 3074 meuS,
1398 3007 1607 3076 optime

558 3079 783 3144 Quincti
819 3080 870 3148 I,
913 3086 994 3133 16.

485 3150 580 3206 Nil
645 3149 911 3204 admirari
964 3166 1137 3219 prope
1194 3167 1281 3203 res
1340 3151 1427 3203 est
1481 3167 1608 3218 una,

556 3221 780 3275 Numici
817 3223 867 3289 Ι,
908 3227 956 3274 6.

486 3292 679 3345 Prima
716 3291 866 3346 dicte
903 3291 1069 3358 mihi,
1120 3309 1337 3345 summa
1375 3290 1608 3345 dicende

562 3380 793 3416 camena
829 3363 881 3428 Ι,
922 3368 969 3414 1.

487 3434 676 3487 Prisco
733 3434 778 3487 si
825 3432 1033 3504 credis,
1086 3433 1383 3486 Maecenas
1430 3433 1608 3500 docte,

559 3503 783 3558 Cratino
822 3505 871 3570 Ι,
913 3510 995 3557 19.

489 3575 645 3640 Quae
672 3575 745 3629 sit
763 3575 941 3627 hiems
960 3574 1171 3639 Veliae,
1201 3573 1349 3642 quod
1371 3575 1601 3642 caelum,

559 3646 731 3715 Vala,
772 3645 994 3699 Salerni
1030 3646 1079 3714 I,
1121 3652 1205 3698 15.

1670 2154 1960 2223 Quamuis,
2003 2156 2238 2222 Scaeua,
2279 2156 2414 2208 satis
2453 2172 2553 2223 per
2588 2156 2645 2208 te
2685 2153 2794 2208 tibi
2887 2222 2898 2229 .

1741 2227 1980 2280 consulis
2021 2229 2080 2279 et
2113 2226 2219 2280 scis
2261 2228 2310 2292 I,
2353 2232 2432 2280 17.

1669 2297 1814 2361 Quid
1851 2296 1960 2351 tibi
1989 2297 2112 2351 uisa
2226 2296 2327 2363 ios,
2367 2294 2593 2363 Bullati,
2633 2298 2789 2350 nota-

1739 2386 1846 2436 que
1884 2370 2128 2423 Lesbos?
2205 2412 2217 2435 ,
2259 2374 2341 2422 11.

1668 2438 1924 2507 Quinque
1955 2438 2072 2492 dies
2101 2438 2207 2493 tibi
2235 2438 2522 2507 pollicitus
2553 2456 2641 2492 me
2665 2456 2786 2491 rure

1738 2511 1988 2563 futurum
2025 2512 2078 2577 I,
2121 2516 2167 2565 7.

1668 2580 1985 2651 Septimius,
2001 2580 2216 2650 Claudi,
2233 2578 2494 2634 nimirum
2509 2577 2786 2648 intellegit

1737 2671 1878 2706 unus
1915 2654 1964 2719 Ι,
2005 2659 2052 2706 9.

1667 2723 1724 2776 Si
1763 2724 1903 2778 bene
1939 2727 1998 2778 te
2035 2722 2192 2792 noui,
2231 2724 2468 2790 metues,
2506 2721 2791 2775 liberrime

1736 2795 1884 2848 Lolli
1921 2796 1972 2864 Ι,
2014 2800 2096 2846 18.

1667 2866 1726 2919 Si
1770 2867 1930 2935 potes
1958 2838 2256 2919 Archiacis
2301 2863 2538 2918 conuiua
2573 2880 2795 2916 recum-

1735 2937 1864 2990 bere
1902 2937 2064 2990 lectis
2105 2938 2155 3003 Ι,
2194 2941 2242 2989 5.

1666 3007 1892 3062 Troiani
1944 3006 2080 3061 belli
2128 3006 2483 3074 scriptorem,
2543 3003 2792 3059 Maxime

1735 3079 1909 3146 Lolli,
1950 3080 2001 3145 Ι,
2042 3085 2089 3131 2.

1667 3121 2038 3204 Voltumnuin
2076 3150 2408 3216 Ianumque,

1737 3224 1889 3274 ctare
1926 3219 2134 3273 uideris
2173 3221 2223 3287 I,
2263 3224 2346 3274 20.

1672 3291 1845 3345 Vilice
1867 3291 2134 3344 siluarum
2156 3293 2213 3344 et
2237 3289 2374 3342 mihi
2394 3298 2482 3341 me
2502 3286 2787 3342 reddentis

1737 3362 1910 3431 agelli
1948 3364 1996 3429 Ι,
2038 3367 2120 3416 14.

1666 3433 1834 3487 Vrbis
1899 3435 2204 3486 amatorem
2268 3431 2506 3484 Fuscum
2571 3429 2792 3483 saluere

1737 3503 1994 3558 iubemus
2031 3505 2081 3570 Ι,
2125 3509 2205 3556 10.

1667 3576 1744 3629 Vt
1797 3574 2243 3643 proficiscentem
2298 3571 2462 3626 docui
2511 3573 2569 3626 te
2618 3587 2792 3640 saepe

1739 3645 1943 3714 diuque
1980 3647 2030 3712 Ι,
2071 3652 2152 3698 13.

2455 3147 2622 3214 liber,
2663 3163 2792 3216 spe-

1377 3823 1518 3876 ARS
1557 3822 1890 3878 POETICA.

485 3933 746 3985 Humano
786 3929 961 4000 capiti
1001 3929 1275 3984 ceruicem
1312 3929 1495 3998 pictor
1533 3929 1796 3996 equinam
