3209 5200
542 831 575 879 8

1251 404 1380 450 ΒΙΒ.
1427 405 1471 450 1.
1516 402 1727 450 30-34

665 550 878 611 Lesbio
926 553 1184 630 primum
1231 550 1528 610 modulate
1576 552 1695 610 ciui
1706 598 1724 630 ,

666 641 807 721 Qui,
855 641 1023 699 ferox
1068 639 1244 720 bello,
1295 649 1492 700 tamen
1538 642 1696 699 inter
1733 656 1929 720 arma,

668 730 810 789 Siue
858 732 1130 790 iactatam
1175 729 1454 808 religarat
1499 729 1619 789 udo

844 817 1044 878 Litore
1091 835 1333 898 nauem,

662 907 944 968 Liberum
993 915 1054 967 et
1097 907 1294 968 Musas
1342 906 1750 985 Veneremque
1799 914 1860 967 et
1903 907 1988 967 illi

551 1041 566 1056 .
667 997 916 1075 Semper
961 997 1306 1057 haerentem
1351 1014 1606 1076 puerum
1655 994 1903 1057 canebat

510 1187 571 1234 12

505 1543 569 1592 16

506 2918 568 2965 12

503 3273 568 3321 16

532 3917 566 3963 4

333 4028 541 4035 -ῠ

566 4074 2391 4165 Α’(Αα)γΒ’(Βο)υ’(υτ)Βῑ(φψ)λ’(κι)ὄ(ὄψ’(πωαχαυ)

478 4208 511 4255 8
539 4200 729 4254 nanim
753 4196 883 4253 BD'
941 4216 1144 4253 nauem
1171 4205 1283 4255 cett.

664 1085 740 1144 Et
785 1084 1009 1163 Lycum
1055 1083 1240 1164 nigris
1288 1085 1477 1146 oculis
1527 1088 1825 1170 nigroque!

844 1173 1021 1235 Crine
1068 1175 1369 1236 decorum.

664 1263 712 1324 Ο
760 1263 944 1324 decus
991 1263 1214 1324 Phoebi
1263 1271 1325 1324 et
1369 1262 1620 1342 dapibus
1668 1266 1933 1342 supremi

664 1353 839 1413 Grata
887 1352 1124 1414 testudo
1169 1351 1357 1430 IouiS,
1403 1371 1438 1411 o
1484 1351 1757 1413 laborum

662 1440 843 1501 Dulce
891 1441 1176 1522 lenimen,
1221 1441 1365 1501 mihi
1412 1459 1669 1521 cumque
1717 1441 1879 1502 salue

837 1530 970 1592 Rite
1021 1533 1273 1593 uocanti.

1361 1799 1605 1860 XXXIII

662 1925 819 2005 Albi,
866 1944 939 1984 ne
988 1924 1186 1984 doleas
1232 1925 1365 2004 plus
1413 1927 1594 1985 nimio
1644 1942 1872 1985 memor

660 2015 907 2075 Immitis
955 2013 1262 2096 Glycerae,
1310 2033 1426 2075 neu
1473 2013 1827 2074 miserabilis

661 2105 951 2164 Decantes
1000 2102 1223 2183 elegoS,
1271 2122 1379 2163 cur
1424 2103 1532 2165 tibi
1577 2105 1777 2164 iunior

750 2191 932 2252 Laesa
978 2194 1308 2271 praeniteat
1354 2193 1484 2252 fide.

660 2284 958 2360 Insignem
1006 2283 1173 2340 tenui
1218 2283 1414 2341 fronte
1461 2280 1747 2361 Lycorida

661 2371 798 2451 Cyri
844 2376 1035 2429 torret
1081 2388 1270 2451 amor,
1319 2369 1508 2450 Cyrus
1554 2373 1617 2431 in
1664 2387 1933 2449 asperam

661 2459 928 2520 Declinat
973 2458 1234 2520 Pholoen
1251 2480 1272 2535 z¹
1315 2459 1416 2519 sed
1467 2462 1634 2539 prius
1680 2459 1885 2539 Apulis

750 2548 1077 2629 Iungentur
1125 2567 1368 2629 capreae
1416 2549 1599 2631 lupiS,

663 2640 849 2710 Quam
899 2640 1058 2717 turpi
1105 2638 1324 2699 Pholoe
1373 2648 1582 2718 peccet
1628 2638 1914 2700 adultero.

662 2728 760 2788 Sic
809 2730 1006 2787 uisum
1053 2726 1294 2808 Veneri,
1342 2730 1437 2788 cui
1484 2728 1678 2807 placet
1724 2730 1967 2807 imparis

659 2816 903 2876 Formas
949 2824 1125 2895 atque
1175 2819 1400 2876 animos
1449 2817 1559 2877 sub
1605 2819 1741 2894 iuga
1789 2835 1971 2877 aenea

751 2905 943 2965 Saeuo
994 2906 1228 2965 mittere
1276 2923 1412 2965 cum
1459 2908 1608 2966 ioco.

658 2995 860 3074 Ipsum
887 2986 999 3053 'me
1047 2992 1256 3053 melior
1304 3012 1438 3055 cum
1486 3002 1721 3074 peteret
1769 2993 1964 3054 Venus

660 3083 838 3144 Grata
884 3083 1140 3143 detinuit
1185 3082 1469 3162 compede
1517 3083 1761 3163 Myrtale

661 3171 988 3253 Libertina,
1035 3173 1204 3233 fretis
1251 3174 1444 3231 acrior
1491 3171 1743 3233 Hadriae

750 3260 1068 3321 Curuantis
1117 3260 1393 3321 Calabros
1441 3262 1625 3323 sinus,

1346 3484 1618 3591 xxiiim

657 3637 880 3697 Parcus
927 3636 1176 3697 deorum
1223 3636 1417 3697 cultor
1463 3646 1524 3697 et
1568 3636 1917 3717 infrequens

658 3725 1014 3806 Insanientis
1060 3726 1202 3787 dum
1249 3728 1570 3805 sapientiae

749 3814 1067 3876 Consultus
1115 3833 1279 3895 err0,
1326 3833 1484 3876 nunc
1533 3823 1863 3876 retrorsum

836 3903 971 3964 Vela
1019 3903 1159 3963 dare
1208 3912 1383 3984 atque
1432 3907 1649 3965 iterare
1699 3923 1913 3965 cursus

332 4486 556 4539 addidit
589 4490 712 4552 post
747 4501 793 4537 c.
833 4486 857 4537 I
896 4490 982 4552 34,
1025 4489 1088 4537 15

476 4556 503 4608 I
539 4562 626 4611 34.
699 4572 918 4610 carmen
953 4556 1135 4609 omisit
1168 4555 1224 4608 B

1451 4349 1482 4396 6
1513 4342 1645 4411 Cyri
1669 4345 1727 4395 te
1754 4344 1933 4397 torret
1960 4338 2115 4397 Fa'n

1474 4430 1569 4466 ww.
1592 4418 1625 4467 9
1645 4429 1720 4481 sq.
1752 4415 1901 4468 omis,
1922 4410 2002 4468 w
2114 4431 2167 4467 u.
2194 4419 2256 4467 11
2278 4415 2367 4469 hic
2384 4415 2535 4469 omi-3.
2556 4413 2629 4479 R,

2550 387 2638 452 25

1402 4206 1463 4255 15
1493 4201 1633 4254 mihi
1664 4200 1854 4269 (michi
1875 4202 1941 4269 φ)
1972 4217 2209 4268 cumque
2239 4216 2379 4254 omn.
2404 4195 2624 4267 Pomm!

330 4266 483 4329 Λᾶν]
559 4271 950 4341 medicumque
987 4270 1380 4325 Lachmannus
1451 4271 1592 4326 mihi
1628 4273 1692 4326 tu
1728 4288 1904 4339 usque
1941 4272 2363 4326 Hevwerdenius

481 4344 500 4395 Ι
539 4348 623 4397 33.
681 4344 778 4396 hoc
806 4358 1024 4396 carmen
1051 4342 1232 4395 omisit
1258 4342 1312 4394 B

477 4420 570 4467 9-
587 4419 647 4467 11
680 4411 1042 4482 peccet—cui
1069 4415 1217 4467 omis.
1231 4430 1363 4481 apr.

2251 4348 2279 4395 7
2308 4342 2571 4411 pholoem
2599 4347 2628 4397 λ
