3209 5200
607 541 662 598 π’
705 571 772 591 =
810 546 954 601 liber
990 546 1335 615 archetypus
1374 545 1630 600 codicum
1667 565 1710 600 π
1746 549 1805 600 et
1840 546 1906 600 L.

925 653 969 688 π
1005 661 1072 680 =
1118 633 1292 689 codex
1327 633 1612 690 Parisinus
1652 641 1825 689 10310
1866 635 2077 691 saeculi
2114 636 2330 692 X—XI.

925 723 978 775 L
1015 749 1082 768 =
1123 723 1299 776 codex
1335 721 1638 791 Lipsiensis
1676 740 1790 792 rep.
1832 724 1873 777 Ι.
1914 730 1964 778 4.
2003 731 2071 779 38
2110 723 2323 779 saeculi
2359 723 2425 777 X.

606 805 661 864 α’
701 837 768 889 =
806 811 951 866 liber
987 813 1319 880 archetypus
1357 811 1615 866 codicum
1652 829 1693 866 u
1730 814 1788 866 et
1824 831 1873 867 v.
2218 795 2236 809 ⁶

925 917 966 953 u
986 925 1053 944 =
1075 899 1248 954 codex
1275 899 1558 953 Parisinus
1589 907 1727 955 7973
1760 900 1897 955 olim
1924 899 2297 956 Floriacensis
2330 897 2542 954 saeculi
2570 899 2620 951 X
2648 899 2931 954 ineuntis.

925 1005 958 1042 v
996 1013 1063 1033 -—--
1105 987 1281 1042 codex
1315 987 1598 1042 Parisinus
1636 995 1775 1044 8213
1816 989 2024 1044 saeculi
2062 990 2163 1043 XII
2202 989 2468 1044 exeuntis.

608 1095 646 1146 y
684 1103 751 1122 --
790 1075 1047 1130 codicum
1086 1076 1326 1131 aliorum
1363 1079 1465 1131 aut
1501 1077 1708 1146 singuli
1744 1080 1844 1132 aut
1879 1077 2148 1134 nonnulli.

618 1159 842 1234 Porph.'
882 1191 949 1210 =
990 1165 1132 1219 liber
1169 1165 1506 1235 archetypus
1542 1166 2072 1235 interpretationum
2115 1166 2320 1234 Porph.
2360 1168 2419 1219 et
2457 1165 2614 1232 Porf.

933 1254 1139 1322 Porph.
1165 1279 1232 1300 π
1253 1253 1743 1322 interpretationes
1774 1254 1979 1309 codicis
2010 1253 2499 1308 Laureshamensis
2536 1271 2683 1309 nuno
2717 1257 2926 1310 Mona-

1037 1342 1215 1397 censis
1254 1343 1378 1397 Lat.
1421 1348 1520 1396 181
1561 1360 1704 1398 saec.
1746 1343 2018 1412 (VIIII—)
2036 1343 2103 1396 X.

933 1431 1092 1498 Porf.
1148 1456 1215 1477 ==
1277 1430 1769 1500 interpretationes
1836 1430 2044 1486 codicis
2100 1431 2606 1487 Wolfenbuttelani
2664 1431 2928 1488 Gudiani

1035 1521 1157 1574 Lat.
1199 1525 1265 1574 85
1305 1521 1517 1576 saeculi
1553 1520 1732 1574 XIIII.

615 1605 774 1678 Pph!
816 1636 882 1654 =
919 1610 1189 1664 lemmata
1227 1610 1367 1678 Pph.
1407 1611 1466 1664 et
1505 1608 1598 1676 Pf.
1638 1609 1786 1664 inter
1822 1627 1881 1664 se
1920 1610 2299 1680 congruentia.

939 1699 1080 1768 Pph.
1120 1704 1170 1752 et
1208 1698 1302 1764 Pf.
1341 1723 1410 1744 ==
1447 1697 1975 1768 interpretationum
2015 1699 2219 1768 Porph.
2260 1701 2317 1754 et
2356 1699 2513 1766 Porf.
2552 1699 2848 1756 lemmata.

614 1787 746 1841 Aer.
790 1812 856 1831 =
895 1784 1384 1855 interpretationes
1421 1786 1875 1842 Pseudoacronis

612 1877 715 1930 Ac.
756 1903 823 1921 =
861 1877 1132 1930 lemmata
1165 1874 1627 1944 Pseudoacronis‚
1667 1876 1789 1930 cod.
1826 1877 1899 1930 A.

612 1961 762 2019 Acr.'
805 1990 872 2010 -—--
909 1963 1402 2034 interpretationes
1440 1963 1613 2018 schol.
1652 1965 1706 2017 A
1746 1980 1891 2019 cons.
1933 1963 2058 2020 aliis
2096 1964 2381 2019 codicibus
2416 1967 2481 2019 ut
2514 1984 2597 2034 νγ.

611 2048 728 2107 Ac.'
769 2079 836 2098 =
875 2053 1144 2107 lemmata
1182 2052 1354 2114 schol.
1393 2052 1448 2105 A
1487 2068 1637 2106 cons,
1676 2051 1802 2106 aliis
1842 2053 2127 2107 codicibus
2163 2055 2229 2107 ut
2266 2072 2349 2121 νγ.

611 2143 772 2196 schol.
809 2147 860 2195 Γ
903 2169 970 2188 =
1017 2158 1084 2196 ea
1139 2140 1351 2196 scholia
1405 2140 1741 2210 marginalia
1794 2158 1937 2210 quae
1993 2158 2110 2195 non
2154 2141 2226 2196 ad
2270 2143 2371 2196 Ac.
2419 2143 2550 2196 Aer.
2605 2143 2923 2214 pertinent,

829 2247 1024 2284 uerum
1060 2232 1251 2285 tamen
1295 2246 1408 2282 non
1455 2229 1639 2282 solum
1685 2229 1744 2284 in
1791 2229 2011 2304 codqy,
2064 2229 2163 2284 sed
2212 2229 2270 2284 in
2316 2230 2441 2284 aliis
2480 2247 2701 2298 quoque
2750 2232 2923 2288 libris

829 2337 998 2373 manu
1045 2319 1290 2389 scriptis,
1342 2320 1405 2372 ut
1450 2318 1507 2371 in
1544 2336 1576 2372 r
1612 2319 1901 2388 Bambery.
1940 2319 2173 2373 Barcin.
2213 2318 2541 2384 Francker„
2587 2318 2919 2389 passimque

830 2408 1002 2463 etiam
1038 2407 1096 2462 in
1137 2409 1256 2464 cod.
1294 2427 1326 2461 ν
1365 2407 1732 2477 reperiuntur.

612 2498 769 2566 yloss.
796 2499 849 2549 Γ
870 2521 937 2542 =
970 2512 1036 2549 ea
1065 2495 1279 2550 scholia
1304 2495 1690 2550 interlinearis.
1719 2507 1861 2565 quae
1890 2513 2002 2551 non
2032 2497 2251 2550 tantum
2279 2494 2337 2548 in
2366 2494 2487 2549 cod.
2518 2513 2569 2562 y,
2607 2494 2704 2548 sed
2736 2495 2917 2551 etiam

830 2584 888 2639 in
927 2582 1082 2653 aliis,
1121 2586 1187 2638 ut
1221 2584 1280 2638 in
1318 2585 1379 2638 E
1412 2604 1450 2639 a
1483 2585 1775 2656 Bambery.
1814 2585 2045 2641 Barcin.
2088 2585 2293 2639 extant.

614 2680 834 2730 tractat.
883 2674 1114 2729 Vindob.
1167 2700 1234 2720 -—-
1285 2675 1562 2730 tractatus
1610 2672 2055 2729 vindobonensis
2112 2673 2182 2727 de
2234 2675 2355 2727 arte
2400 2672 2624 2742 poetica
2669 2690 2749 2726 nr.
2806 2682 2915 2729 223

834 2763 1044 2819 saeculi
1081 2762 1174 2819 XI.
