<?xml version="1.0" encoding="UTF-8"?>
<!DOCTYPE html PUBLIC "-//W3C//DTD XHTML 1.0 Transitional//EN"
    "http://www.w3.org/TR/xhtml1/DTD/xhtml1-transitional.dtd">
<html xmlns="http://www.w3.org/1999/xhtml" xml:lang="en" lang="en">
 <head>
  <title>
</title>
<meta http-equiv="Content-Type" content="text/html;charset=utf-8" />
  <meta name='ocr-system' content='tesseract 3.04.00' />
  <meta name='ocr-capabilities' content='ocr_page ocr_carea ocr_par ocr_line ocrx_word'/>
</head>
<body>
  <div class='ocr_page' id='page_1' title='image "./qhoratiflacciop01kellgoog_0108.png"; bbox 0 0 3209 5200; ppageno 0'>
   <div class='ocr_carea' id='block_1_1' title="bbox 1221 389 2652 452">
    <p class='ocr_par' dir='ltr' id='par_1_1' title="bbox 1221 389 2652 452">
     <span class='ocr_line' id='line_1_1' title="bbox 1221 389 2652 452; baseline 0.004 -6"><span class='ocrx_word' id='word_1_1' title='bbox 1221 401 1356 447; x_wconf 79' lang='lat' dir='ltr'>Lm.</span> <span class='ocrx_word' id='word_1_2' title='bbox 1403 403 1527 448; x_wconf 90' lang='lat'>1111.</span> <span class='ocrx_word' id='word_1_3' title='bbox 1578 401 1785 450; x_wconf 82' lang='lat'>14-—15</span> <span class='ocrx_word' id='word_1_4' title='bbox 2565 389 2652 452; x_wconf 83' lang='lat'>95</span> 
     </span>
    </p>
   </div>
   <div class='ocr_carea' id='block_1_2' title="bbox 517 546 2045 2317">
    <p class='ocr_par' dir='ltr' id='par_1_2' title="bbox 678 546 1902 788">
     <span class='ocr_line' id='line_1_2' title="bbox 678 546 1902 626; baseline 0.003 -21"><span class='ocrx_word' id='word_1_5' title='bbox 678 546 795 605; x_wconf 91' lang='lat' dir='ltr'>Per</span> <span class='ocrx_word' id='word_1_6' title='bbox 841 565 987 626; x_wconf 86' lang='lat' dir='ltr'>quas</span> <span class='ocrx_word' id='word_1_7' title='bbox 1033 547 1307 608; x_wconf 86' lang='lat' dir='ltr'>Latinum</span> <span class='ocrx_word' id='word_1_8' title='bbox 1356 568 1571 609; x_wconf 88' lang='lat' dir='ltr'>nomen</span> <span class='ocrx_word' id='word_1_9' title='bbox 1621 557 1680 609; x_wconf 88' lang='lat' dir='ltr'>et</span> <span class='ocrx_word' id='word_1_10' title='bbox 1728 549 1902 610; x_wconf 74' lang='lat' dir='ltr'>Italae</span> 
     </span>
     <span class='ocr_line' id='line_1_3' title="bbox 681 633 1838 717; baseline 0.004 -23"><span class='ocrx_word' id='word_1_11' title='bbox 681 633 942 696; x_wconf 88' lang='lat' dir='ltr'>Creuere</span> <span class='ocrx_word' id='word_1_12' title='bbox 990 638 1151 697; x_wconf 90' lang='lat' dir='ltr'>uires</span> <span class='ocrx_word' id='word_1_13' title='bbox 1201 639 1470 717; x_wconf 80' lang='lat' dir='ltr'>famaque</span> <span class='ocrx_word' id='word_1_14' title='bbox 1519 647 1578 698; x_wconf 88' lang='lat' dir='ltr'>et</span> <span class='ocrx_word' id='word_1_15' title='bbox 1623 641 1838 717; x_wconf 87' lang='lat' dir='ltr'>imperi</span> 
     </span>
     <span class='ocr_line' id='line_1_4' title="bbox 767 724 1710 788; baseline 0.005 -5"><span class='ocrx_word' id='word_1_16' title='bbox 767 724 1049 786; x_wconf 87' lang='lat' dir='ltr'>Porrecta</span> <span class='ocrx_word' id='word_1_17' title='bbox 1098 729 1373 787; x_wconf 85' lang='lat' dir='ltr'>maiestas</span> <span class='ocrx_word' id='word_1_18' title='bbox 1420 727 1492 787; x_wconf 85' lang='lat' dir='ltr'>ad</span> <span class='ocrx_word' id='word_1_19' title='bbox 1541 736 1710 788; x_wconf 89' lang='lat' dir='ltr'>ortus</span> 
     </span>
    </p>

    <p class='ocr_par' dir='ltr' id='par_1_3' title="bbox 517 813 1875 1075">
     <span class='ocr_line' id='line_1_5' title="bbox 517 813 1717 895; baseline 0.003 -23"><span class='ocrx_word' id='word_1_20' title='bbox 517 826 585 873; x_wconf 83' lang='lat'>16</span> <span class='ocrx_word' id='word_1_21' title='bbox 861 813 1015 875; x_wconf 94' lang='lat' dir='ltr'>Solis</span> <span class='ocrx_word' id='word_1_22' title='bbox 1062 815 1133 875; x_wconf 90' lang='lat' dir='ltr'>ab</span> <span class='ocrx_word' id='word_1_23' title='bbox 1182 815 1471 895; x_wconf 87' lang='lat' dir='ltr'>Hesperio</span> <span class='ocrx_word' id='word_1_24' title='bbox 1519 816 1717 878; x_wconf 91' lang='lat' dir='ltr'>cubili.</span> 
     </span>
     <span class='ocr_line' id='line_1_6' title="bbox 682 901 1875 966; baseline 0.003 -5"><span class='ocrx_word' id='word_1_25' title='bbox 682 901 939 963; x_wconf 80' lang='lat' dir='ltr'>Custode</span> <span class='ocrx_word' id='word_1_26' title='bbox 988 923 1191 965; x_wconf 89' lang='lat' dir='ltr'>rerum</span> <span class='ocrx_word' id='word_1_27' title='bbox 1240 904 1489 966; x_wconf 81' lang='lat' dir='ltr'>Caesare</span> <span class='ocrx_word' id='word_1_28' title='bbox 1538 925 1657 966; x_wconf 89' lang='lat' dir='ltr'>non</span> <span class='ocrx_word' id='word_1_29' title='bbox 1707 907 1875 966; x_wconf 89' lang='lat' dir='ltr'>furor</span> 
     </span>
     <span class='ocr_line' id='line_1_7' title="bbox 683 990 1679 1075; baseline 0.004 -25"><span class='ocrx_word' id='word_1_30' title='bbox 683 990 886 1051; x_wconf 87' lang='lat' dir='ltr'>Ciuilis</span> <span class='ocrx_word' id='word_1_31' title='bbox 934 1001 1036 1054; x_wconf 87' lang='lat' dir='ltr'>aut</span> <span class='ocrx_word' id='word_1_32' title='bbox 1084 996 1175 1055; x_wconf 91' lang='lat' dir='ltr'>uis</span> <span class='ocrx_word' id='word_1_33' title='bbox 1224 996 1417 1073; x_wconf 80' lang='lat' dir='ltr'>exiget</span> <span class='ocrx_word' id='word_1_34' title='bbox 1464 997 1679 1075; x_wconf 85' lang='lat' dir='ltr'>otium,</span> 
     </span>
    </p>

    <p class='ocr_par' dir='ltr' id='par_1_4' title="bbox 768 1079 1806 1162">
     <span class='ocr_line' id='line_1_8' title="bbox 768 1079 1806 1162; baseline 0.004 -22"><span class='ocrx_word' id='word_1_35' title='bbox 768 1079 899 1140; x_wconf 91' lang='lat' dir='ltr'>Non</span> <span class='ocrx_word' id='word_1_36' title='bbox 945 1084 1059 1162; x_wconf 86' lang='lat' dir='ltr'>ira,</span> <span class='ocrx_word' id='word_1_37' title='bbox 1106 1101 1256 1162; x_wconf 87' lang='lat' dir='ltr'>quae</span> <span class='ocrx_word' id='word_1_38' title='bbox 1302 1084 1585 1162; x_wconf 85' lang='lat' dir='ltr'><strong>procudit</strong></span> <span class='ocrx_word' id='word_1_39' title='bbox 1631 1102 1806 1144; x_wconf 82' lang='lat' dir='ltr'>enses</span> 
     </span>
    </p>

    <p class='ocr_par' dir='ltr' id='par_1_5' title="bbox 523 1165 1790 1236">
     <span class='ocr_line' id='line_1_9' title="bbox 523 1165 1790 1236; baseline 0.002 -8"><span class='ocrx_word' id='word_1_40' title='bbox 523 1181 596 1230; x_wconf 82' lang='lat'>20</span> <span class='ocrx_word' id='word_1_41' title='bbox 792 1232 797 1236; x_wconf 76' lang='grc'>,</span> <span class='ocrx_word' id='word_1_42' title='bbox 865 1165 941 1230; x_wconf 87' lang='lat' dir='ltr'>Et</span> <span class='ocrx_word' id='word_1_43' title='bbox 986 1173 1234 1231; x_wconf 89' lang='lat' dir='ltr'>miseras</span> <span class='ocrx_word' id='word_1_44' title='bbox 1281 1174 1546 1232; x_wconf 80' lang='lat' dir='ltr'><strong>inimicat</strong></span> <span class='ocrx_word' id='word_1_45' title='bbox 1590 1172 1790 1232; x_wconf 80' lang='lat' dir='ltr'>urbes,</span> 
     </span>
    </p>

    <p class='ocr_par' dir='ltr' id='par_1_6' title="bbox 682 1257 2016 1519">
     <span class='ocr_line' id='line_1_10' title="bbox 682 1257 2016 1339; baseline 0.002 -22"><span class='ocrx_word' id='word_1_46' title='bbox 682 1257 811 1318; x_wconf 90' lang='lat' dir='ltr'>Non</span> <span class='ocrx_word' id='word_1_47' title='bbox 860 1261 963 1337; x_wconf 86' lang='lat' dir='ltr'>qui</span> <span class='ocrx_word' id='word_1_48' title='bbox 1008 1261 1370 1339; x_wconf 79' lang='lat' dir='ltr'>profundum</span> <span class='ocrx_word' id='word_1_49' title='bbox 1419 1260 1756 1322; x_wconf 87' lang='lat' dir='ltr'>Danuuium</span> <span class='ocrx_word' id='word_1_50' title='bbox 1804 1260 2016 1320; x_wconf 85' lang='lat' dir='ltr'>bibunt</span> 
     </span>
     <span class='ocr_line' id='line_1_11' title="bbox 682 1345 1860 1431; baseline 0.004 -26"><span class='ocrx_word' id='word_1_51' title='bbox 682 1345 889 1407; x_wconf 89' lang='lat' dir='ltr'>Edicta</span> <span class='ocrx_word' id='word_1_52' title='bbox 935 1358 1215 1428; x_wconf 86' lang='lat' dir='ltr'>rumpent</span> <span class='ocrx_word' id='word_1_53' title='bbox 1261 1349 1433 1431; x_wconf 87' lang='lat' dir='ltr'>Iulia,</span> <span class='ocrx_word' id='word_1_54' title='bbox 1484 1369 1601 1410; x_wconf 90' lang='lat' dir='ltr'>non</span> <span class='ocrx_word' id='word_1_55' title='bbox 1651 1350 1860 1430; x_wconf 86' lang='lat' dir='ltr'>Getae,</span> 
     </span>
     <span class='ocr_line' id='line_1_12' title="bbox 770 1435 1709 1519; baseline 0.004 -25"><span class='ocrx_word' id='word_1_56' title='bbox 770 1435 899 1495; x_wconf 90' lang='lat' dir='ltr'>Non</span> <span class='ocrx_word' id='word_1_57' title='bbox 950 1436 1128 1498; x_wconf 85' lang='lat' dir='ltr'>Seres</span> <span class='ocrx_word' id='word_1_58' title='bbox 1175 1438 1415 1518; x_wconf 76' lang='lat' dir='ltr'>infidiue</span> <span class='ocrx_word' id='word_1_59' title='bbox 1462 1437 1709 1519; x_wconf 83' lang='lat' dir='ltr'>Persae,</span> 
     </span>
    </p>

    <p class='ocr_par' dir='ltr' id='par_1_7' title="bbox 517 1523 2045 1766">
     <span class='ocr_line' id='line_1_13' title="bbox 517 1523 1943 1606; baseline 0.003 -23"><span class='ocrx_word' id='word_1_60' title='bbox 517 1537 591 1584; x_wconf 82' lang='lat'>24</span> <span class='ocrx_word' id='word_1_61' title='bbox 860 1525 990 1585; x_wconf 89' lang='lat' dir='ltr'>Non</span> <span class='ocrx_word' id='word_1_62' title='bbox 1038 1523 1283 1587; x_wconf 84' lang='lat' dir='ltr'>Tanain·</span> <span class='ocrx_word' id='word_1_63' title='bbox 1310 1545 1493 1606; x_wconf 87' lang='lat' dir='ltr'>prope</span> <span class='ocrx_word' id='word_1_64' title='bbox 1541 1528 1762 1587; x_wconf 85' lang='lat' dir='ltr'>flumen</span> <span class='ocrx_word' id='word_1_65' title='bbox 1810 1530 1943 1588; x_wconf 87' lang='lat' dir='ltr'>orti.</span> 
     </span>
     <span class='ocr_line' id='line_1_14' title="bbox 682 1613 2045 1695; baseline 0.004 -23"><span class='ocrx_word' id='word_1_66' title='bbox 682 1613 920 1692; x_wconf 87' lang='lat' dir='ltr'>Nosque</span> <span class='ocrx_word' id='word_1_67' title='bbox 970 1624 1029 1676; x_wconf 87' lang='lat' dir='ltr'>et</span> <span class='ocrx_word' id='word_1_68' title='bbox 1075 1613 1356 1695; x_wconf 74' lang='lat' dir='ltr'>profestis</span> <span class='ocrx_word' id='word_1_69' title='bbox 1404 1616 1639 1677; x_wconf 90' lang='lat' dir='ltr'>lucibus</span> <span class='ocrx_word' id='word_1_70' title='bbox 1686 1625 1746 1676; x_wconf 86' lang='lat' dir='ltr'>et</span> <span class='ocrx_word' id='word_1_71' title='bbox 1793 1620 1978 1677; x_wconf 88' lang='lat' dir='ltr'>sacris</span> <span class='ocrx_word' id='word_1_72' title='bbox 2037 1623 2045 1632; x_wconf 87' lang='lat'>&#39;</span> 
     </span>
     <span class='ocr_line' id='line_1_15' title="bbox 683 1701 1645 1785; baseline 0.004 -25"><span class='ocrx_word' id='word_1_73' title='bbox 683 1701 845 1762; x_wconf 86' lang='lat' dir='ltr'>Inter</span> <span class='ocrx_word' id='word_1_74' title='bbox 889 1706 1075 1764; x_wconf 88' lang='lat' dir='ltr'>iocosi</span> <span class='ocrx_word' id='word_1_75' title='bbox 1124 1723 1367 1766; x_wconf 84' lang='lat' dir='ltr'>munera</span> <span class='ocrx_word' id='word_1_76' title='bbox 1415 1703 1645 1785; x_wconf 88' lang='lat' dir='ltr'>Liberi,</span> 
     </span>
    </p>

    <p class='ocr_par' dir='ltr' id='par_1_8' title="bbox 773 1790 1856 1873">
     <span class='ocr_line' id='line_1_16' title="bbox 773 1790 1856 1873; baseline 0.001 -22"><span class='ocrx_word' id='word_1_77' title='bbox 773 1790 921 1852; x_wconf 90' lang='lat' dir='ltr'>Cum</span> <span class='ocrx_word' id='word_1_78' title='bbox 968 1793 1134 1872; x_wconf 89' lang='lat' dir='ltr'>prole</span> <span class='ocrx_word' id='word_1_79' title='bbox 1184 1797 1585 1873; x_wconf 85' lang='lat' dir='ltr'>matronisque</span> <span class='ocrx_word' id='word_1_80' title='bbox 1639 1797 1856 1854; x_wconf 86' lang='lat' dir='ltr'>nostris</span> 
     </span>
    </p>

    <p class='ocr_par' dir='ltr' id='par_1_9' title="bbox 522 1880 1927 2137">
     <span class='ocr_line' id='line_1_17' title="bbox 522 1880 1776 1962; baseline 0.002 -22"><span class='ocrx_word' id='word_1_81' title='bbox 522 1893 595 1940; x_wconf 81' lang='lat'>28</span> <span class='ocrx_word' id='word_1_82' title='bbox 863 1880 998 1942; x_wconf 86' lang='lat' dir='ltr'>Rite</span> <span class='ocrx_word' id='word_1_83' title='bbox 1047 1882 1189 1942; x_wconf 90' lang='lat' dir='ltr'>deos</span> <span class='ocrx_word' id='word_1_84' title='bbox 1235 1886 1403 1962; x_wconf 90' lang='lat' dir='ltr'>prius</span> <span class='ocrx_word' id='word_1_85' title='bbox 1451 1883 1776 1962; x_wconf 87' lang='lat' dir='ltr'>adprecati‚</span> 
     </span>
     <span class='ocr_line' id='line_1_18' title="bbox 686 1967 1927 2050; baseline 0.004 -24"><span class='ocrx_word' id='word_1_86' title='bbox 686 1967 915 2030; x_wconf 78' lang='lat' dir='ltr'>Virtute</span> <span class='ocrx_word' id='word_1_87' title='bbox 964 1972 1200 2033; x_wconf 79' lang='lat' dir='ltr'>functos</span> <span class='ocrx_word' id='word_1_88' title='bbox 1248 1990 1411 2032; x_wconf 92' lang='lat' dir='ltr'>more</span> <span class='ocrx_word' id='word_1_89' title='bbox 1459 1981 1696 2050; x_wconf 86' lang='lat' dir='ltr'>patrum</span> <span class='ocrx_word' id='word_1_90' title='bbox 1745 1972 1927 2031; x_wconf 89' lang='lat' dir='ltr'>duces</span> 
     </span>
     <span class='ocr_line' id='line_1_19' title="bbox 683 2056 1681 2137; baseline 0.003 -21"><span class='ocrx_word' id='word_1_91' title='bbox 683 2056 861 2137; x_wconf 86' lang='lat' dir='ltr'>Lydis</span> <span class='ocrx_word' id='word_1_92' title='bbox 907 2062 1162 2120; x_wconf 87' lang='lat' dir='ltr'>remixto</span> <span class='ocrx_word' id='word_1_93' title='bbox 1210 2063 1472 2121; x_wconf 86' lang='lat' dir='ltr'>carmine</span> <span class='ocrx_word' id='word_1_94' title='bbox 1518 2060 1681 2120; x_wconf 86' lang='lat' dir='ltr'>tibiis</span> 
     </span>
    </p>

    <p class='ocr_par' dir='ltr' id='par_1_10' title="bbox 774 2146 1919 2227">
     <span class='ocr_line' id='line_1_20' title="bbox 774 2146 1919 2227; baseline 0.002 -21"><span class='ocrx_word' id='word_1_95' title='bbox 774 2146 1131 2227; x_wconf 87' lang='lat' dir='ltr'>Troiamque</span> <span class='ocrx_word' id='word_1_96' title='bbox 1180 2157 1239 2208; x_wconf 87' lang='lat' dir='ltr'>et</span> <span class='ocrx_word' id='word_1_97' title='bbox 1284 2149 1581 2210; x_wconf 86' lang='lat' dir='ltr'>Anchisen</span> <span class='ocrx_word' id='word_1_98' title='bbox 1629 2158 1688 2209; x_wconf 85' lang='lat' dir='ltr'>et</span> <span class='ocrx_word' id='word_1_99' title='bbox 1736 2149 1919 2211; x_wconf 85' lang='lat' dir='ltr'>almae</span> 
     </span>
    </p>

    <p class='ocr_par' dir='ltr' id='par_1_11' title="bbox 520 2235 1854 2317">
     <span class='ocr_line' id='line_1_21' title="bbox 520 2235 1854 2317; baseline 0.002 -20"><span class='ocrx_word' id='word_1_100' title='bbox 520 2248 595 2297; x_wconf 78' lang='lat'>32</span> <span class='ocrx_word' id='word_1_101' title='bbox 866 2235 1217 2317; x_wconf 88' lang='lat' dir='ltr'>Progeniem</span> <span class='ocrx_word' id='word_1_102' title='bbox 1264 2237 1511 2298; x_wconf 91' lang='lat' dir='ltr'>Veneris</span> <span class='ocrx_word' id='word_1_103' title='bbox 1558 2256 1854 2299; x_wconf 81' lang='lat' dir='ltr'>canemus.</span> 
     </span>
    </p>
   </div>
   <div class='ocr_carea' id='block_1_3' title="bbox 799 2408 2236 2500">
    <p class='ocr_par' dir='ltr' id='par_1_12' title="bbox 799 2408 2236 2500">
     <span class='ocr_line' id='line_1_22' title="bbox 799 2408 2236 2500; baseline 0.001 -24"><span class='ocrx_word' id='word_1_104' title='bbox 799 2416 860 2476; x_wconf 79' lang='lat' dir='ltr'><strong><em>A</em></strong></span> <span class='ocrx_word' id='word_1_105' title='bbox 861 2408 1502 2499; x_wconf 62' lang='grc' dir='ltr'>”(Αα)γνΒΒῑ(φψ)ι</span> <span class='ocrx_word' id='word_1_106' title='bbox 1508 2410 1620 2497; x_wconf 64' lang='grc' dir='ltr'>(ιι)</span> <span class='ocrx_word' id='word_1_107' title='bbox 1625 2417 1662 2476; x_wconf 66' lang='grc' dir='ltr'><em>ὃ</em></span> <span class='ocrx_word' id='word_1_108' title='bbox 1663 2409 1871 2499; x_wconf 53' lang='lat' dir='ltr'>(am</span> <span class='ocrx_word' id='word_1_109' title='bbox 1877 2409 2098 2499; x_wconf 53' lang='lat' dir='ltr'>(amu</span> <span class='ocrx_word' id='word_1_110' title='bbox 2103 2410 2236 2500; x_wconf 62' lang='lat' dir='ltr'><em>(av)</em></span> 
     </span>
    </p>
   </div>
   <div class='ocr_carea' id='block_1_4' title="bbox 318 2529 2657 2819">
    <p class='ocr_par' dir='ltr' id='par_1_13' title="bbox 318 2529 2657 2819">
     <span class='ocr_line' id='line_1_23' title="bbox 507 2529 2657 2605; baseline 0.001 -19"><span class='ocrx_word' id='word_1_111' title='bbox 507 2539 577 2586; x_wconf 90' lang='lat'>13</span> <span class='ocrx_word' id='word_1_112' title='bbox 615 2533 811 2587; x_wconf 79' lang='lat' dir='ltr'>italiae</span> <span class='ocrx_word' id='word_1_113' title='bbox 841 2530 978 2587; x_wconf 69' lang='lat' dir='ltr'>sz&#39;</span> <span class='ocrx_word' id='word_1_114' title='bbox 999 2540 1061 2587; x_wconf 79' lang='lat' dir='ltr'>ut</span> <span class='ocrx_word' id='word_1_115' title='bbox 1079 2536 1195 2589; x_wconf 79' lang='lat' dir='ltr'>uid.</span> <span class='ocrx_word' id='word_1_116' title='bbox 1218 2529 1311 2587; x_wconf 65' lang='grc' dir='ltr'>ἃττ’</span> <span class='ocrx_word' id='word_1_117' title='bbox 1450 2540 1516 2588; x_wconf 85' lang='grc'>15</span> <span class='ocrx_word' id='word_1_118' title='bbox 1556 2538 1711 2589; x_wconf 85' lang='lat' dir='ltr'>ortus</span> <span class='ocrx_word' id='word_1_119' title='bbox 1739 2537 1792 2588; x_wconf 88' lang='lat' dir='ltr'><strong><em>A</em></strong></span> <span class='ocrx_word' id='word_1_120' title='bbox 1797 2529 2163 2604; x_wconf 61' lang='lat' dir='ltr'>&#39;vaFz&#39;u&#39;w</span> <span class='ocrx_word' id='word_1_121' title='bbox 2185 2539 2254 2605; x_wconf 82' lang='lat' dir='ltr'>(et</span> <span class='ocrx_word' id='word_1_122' title='bbox 2270 2537 2325 2605; x_wconf 80' lang='lat'>9)</span> <span class='ocrx_word' id='word_1_123' title='bbox 2391 2537 2577 2590; x_wconf 78' lang='lat' dir='ltr'>ortum</span> <span class='ocrx_word' id='word_1_124' title='bbox 2607 2530 2657 2588; x_wconf 78' lang='grc' dir='ltr'>δ’</span> 
     </span>
     <span class='ocr_line' id='line_1_24' title="bbox 507 2551 2513 2691; baseline 0.001 -32"><span class='ocrx_word' id='word_1_125' title='bbox 507 2611 577 2658; x_wconf 90' lang='grc'>18</span> <span class='ocrx_word' id='word_1_126' title='bbox 618 2604 703 2659; x_wconf 87' lang='lat' dir='ltr'>exi</span> <span class='ocrx_word' id='word_1_127' title='bbox 748 2616 805 2660; x_wconf 75' lang='lat' dir='ltr'>et</span> <span class='ocrx_word' id='word_1_128' title='bbox 840 2602 978 2660; x_wconf 69' lang='lat' dir='ltr'>aRz&#39;</span> <span class='ocrx_word' id='word_1_129' title='bbox 982 2626 1026 2659; x_wconf 85' lang='grc' dir='ltr'><strong><em>π</em></strong></span> <span class='ocrx_word' id='word_1_130' title='bbox 1056 2602 1214 2674; x_wconf 61' lang='grc' dir='ltr'><em>ΡΡῙι]</em></span> <span class='ocrx_word' id='word_1_131' title='bbox 1239 2603 1460 2691; x_wconf 58' lang='lat' dir='ltr'>Porthl</span> <span class='ocrx_word' id='word_1_132' title='bbox 1482 2609 1583 2661; x_wconf 87' lang='lat' dir='ltr'>Ac.</span> <span class='ocrx_word' id='word_1_133' title='bbox 1660 2608 1837 2675; x_wconf 80' lang='lat' dir='ltr'>exigit</span> <span class='ocrx_word' id='word_1_134' title='bbox 1863 2608 1917 2659; x_wconf 89' lang='lat' dir='ltr'><strong><em>A</em></strong></span> <span class='ocrx_word' id='word_1_135' title='bbox 1990 2606 2199 2661; x_wconf 74' lang='lat' dir='ltr'>eximet</span> <span class='ocrx_word' id='word_1_136' title='bbox 2223 2551 2513 2675; x_wconf 67' lang='lat' dir='ltr'>vae&#39;Lu&#39;</span> 
     </span>
     <span class='ocr_line' id='line_1_25' title="bbox 318 2672 2656 2747; baseline -0.001 -13"><span class='ocrx_word' id='word_1_137' title='bbox 318 2686 405 2734; x_wconf 80' lang='lat'>23</span> <span class='ocrx_word' id='word_1_138' title='bbox 459 2695 540 2731; x_wconf 88' lang='lat' dir='ltr'>ue</span> <span class='ocrx_word' id='word_1_139' title='bbox 580 2675 678 2728; x_wconf 77' lang='lat' dir='ltr'>vF</span> <span class='ocrx_word' id='word_1_140' title='bbox 728 2672 819 2730; x_wconf 85' lang='grc' dir='ltr'><strong><em>πύ</em></strong></span> <span class='ocrx_word' id='word_1_141' title='bbox 856 2678 955 2732; x_wconf 85' lang='lat' dir='ltr'>Ae.</span> <span class='ocrx_word' id='word_1_142' title='bbox 1041 2694 1149 2747; x_wconf 90' lang='lat' dir='ltr'>que</span> <span class='ocrx_word' id='word_1_143' title='bbox 1184 2672 1599 2747; x_wconf 41' lang='lat' dir='ltr'>AMszuoety)</span> <span class='ocrx_word' id='word_1_144' title='bbox 1738 2685 1807 2731; x_wconf 81' lang='lat'>24</span> <span class='ocrx_word' id='word_1_145' title='bbox 1844 2677 2058 2734; x_wconf 78' lang='lat' dir='ltr'>tanaim</span> <span class='ocrx_word' id='word_1_146' title='bbox 2093 2673 2210 2732; x_wconf 79' lang='grc' dir='ltr'>λ’δυ</span> <span class='ocrx_word' id='word_1_147' title='bbox 2355 2683 2422 2731; x_wconf 78' lang='lat'>25</span> <span class='ocrx_word' id='word_1_148' title='bbox 2461 2680 2521 2732; x_wconf 80' lang='lat' dir='ltr'>et</span> <span class='ocrx_word' id='word_1_149' title='bbox 2555 2694 2656 2732; x_wconf 90' lang='lat' dir='ltr'>om.</span> 
     </span>
     <span class='ocr_line' id='line_1_26' title="bbox 321 2744 2014 2819; baseline 0 -16"><span class='ocrx_word' id='word_1_150' title='bbox 321 2745 406 2807; x_wconf 74' lang='lat' dir='ltr'>A&#39;</span> <span class='ocrx_word' id='word_1_151' title='bbox 412 2744 476 2803; x_wconf 77' lang='grc' dir='ltr'>λ’</span> <span class='ocrx_word' id='word_1_152' title='bbox 634 2753 702 2801; x_wconf 87' lang='grc'>30</span> <span class='ocrx_word' id='word_1_153' title='bbox 738 2748 1264 2819; x_wconf 61' lang='lat' dir='ltr'>remixtoylssmixto</span> <span class='ocrx_word' id='word_1_154' title='bbox 1298 2754 1370 2802; x_wconf 75' lang='grc' dir='ltr'>λα</span> <span class='ocrx_word' id='word_1_155' title='bbox 1515 2755 1578 2801; x_wconf 81' lang='lat'>31</span> <span class='ocrx_word' id='word_1_156' title='bbox 1621 2748 1906 2803; x_wconf 82' lang='lat' dir='ltr'>anchisem</span> <span class='ocrx_word' id='word_1_157' title='bbox 1943 2754 2014 2803; x_wconf 69' lang='grc' dir='ltr'>λυ</span> 
     </span>
    </p>
   </div>
  </div>
 </body>
</html>
