<?xml version="1.0" encoding="UTF-8"?>
<!DOCTYPE html PUBLIC "-//W3C//DTD XHTML 1.0 Transitional//EN"
    "http://www.w3.org/TR/xhtml1/DTD/xhtml1-transitional.dtd">
<html xmlns="http://www.w3.org/1999/xhtml" xml:lang="en" lang="en">
 <head>
  <title>
</title>
<meta http-equiv="Content-Type" content="text/html;charset=utf-8" />
  <meta name='ocr-system' content='tesseract 3.04.00' />
  <meta name='ocr-capabilities' content='ocr_page ocr_carea ocr_par ocr_line ocrx_word'/>
</head>
<body>
  <div class='ocr_page' id='page_1' title='image "./qhoratiflacciop01kellgoog_0226.png"; bbox 0 0 3209 5200; ppageno 0'>
   <div class='ocr_carea' id='block_1_1' title="bbox 1212 408 2648 488">
    <p class='ocr_par' dir='ltr' id='par_1_1' title="bbox 1212 408 2648 488">
     <span class='ocr_line' id='line_1_1' title="bbox 1212 408 2648 488; baseline 0.003 -21"><span class='ocrx_word' id='word_1_1' title='bbox 1212 422 1342 467; x_wconf 77' lang='lat' dir='ltr'>mn.</span> <span class='ocrx_word' id='word_1_2' title='bbox 1372 422 1424 485; x_wconf 83' lang='grc' dir='ltr'>Ι,</span> <span class='ocrx_word' id='word_1_3' title='bbox 1457 420 1549 488; x_wconf 86' lang='lat'>18,</span> <span class='ocrx_word' id='word_1_4' title='bbox 1579 420 1804 469; x_wconf 79' lang='lat'>26—91</span> <span class='ocrx_word' id='word_1_5' title='bbox 2410 457 2422 468; x_wconf 78' lang='grc'><em>,</em></span> <span class='ocrx_word' id='word_1_6' title='bbox 2519 408 2648 471; x_wconf 83' lang='grc'>213</span> 
     </span>
    </p>
   </div>
   <div class='ocr_carea' id='block_1_2' title="bbox 501 567 2594 3407">
    <p class='ocr_par' dir='ltr' id='par_1_2' title="bbox 501 567 2594 3407">
     <span class='ocr_line' id='line_1_2' title="bbox 679 567 2340 648; baseline 0.001 -19"><span class='ocrx_word' id='word_1_7' title='bbox 679 570 964 639; x_wconf 91' lang='lat' dir='ltr'>Quamuis</span> <span class='ocrx_word' id='word_1_8' title='bbox 1011 567 1094 627; x_wconf 91' lang='lat' dir='ltr'>nil</span> <span class='ocrx_word' id='word_1_9' title='bbox 1142 575 1309 628; x_wconf 83' lang='lat' dir='ltr'>extra</span> <span class='ocrx_word' id='word_1_10' title='bbox 1356 585 1671 627; x_wconf 90' lang='lat' dir='ltr'>numerum</span> <span class='ocrx_word' id='word_1_11' title='bbox 1718 569 1932 629; x_wconf 87' lang='lat' dir='ltr'>fecisse</span> <span class='ocrx_word' id='word_1_12' title='bbox 1978 570 2340 648; x_wconf 88' lang='lat' dir='ltr'>modumque</span> 
     </span>
     <span class='ocr_line' id='line_1_3' title="bbox 522 657 2044 738; baseline 0 -20"><span class='ocrx_word' id='word_1_13' title='bbox 522 670 587 718; x_wconf 92' lang='grc'>60</span> <span class='ocrx_word' id='word_1_14' title='bbox 682 659 897 738; x_wconf 84' lang='lat' dir='ltr'>CuraS,</span> <span class='ocrx_word' id='word_1_15' title='bbox 945 657 1246 717; x_wconf 90' lang='lat' dir='ltr'>interdum</span> <span class='ocrx_word' id='word_1_16' title='bbox 1293 659 1533 736; x_wconf 86' lang='lat' dir='ltr'>nugaris</span> <span class='ocrx_word' id='word_1_17' title='bbox 1579 676 1722 717; x_wconf 91' lang='lat' dir='ltr'>rure</span> <span class='ocrx_word' id='word_1_18' title='bbox 1768 665 2044 737; x_wconf 86' lang='lat' dir='ltr'>paterno:</span> 
     </span>
     <span class='ocr_line' id='line_1_4' title="bbox 676 745 2036 827; baseline -0.001 -18"><span class='ocrx_word' id='word_1_19' title='bbox 676 749 941 809; x_wconf 83' lang='lat' dir='ltr'><strong>Partitur</strong></span> <span class='ocrx_word' id='word_1_20' title='bbox 986 745 1209 825; x_wconf 83' lang='lat' dir='ltr'>lyntres</span> <span class='ocrx_word' id='word_1_21' title='bbox 1257 748 1582 827; x_wconf 87' lang='lat' dir='ltr'>exercitus,</span> <span class='ocrx_word' id='word_1_22' title='bbox 1629 746 1793 806; x_wconf 86' lang='lat' dir='ltr'>Actia</span> <span class='ocrx_word' id='word_1_23' title='bbox 1839 765 2036 826; x_wconf 86' lang='lat' dir='ltr'>pugna</span> 
     </span>
     <span class='ocr_line' id='line_1_5' title="bbox 676 834 2177 914; baseline -0.001 -17"><span class='ocrx_word' id='word_1_24' title='bbox 676 838 763 897; x_wconf 92' lang='lat' dir='ltr'>Te</span> <span class='ocrx_word' id='word_1_25' title='bbox 810 836 961 895; x_wconf 90' lang='lat' dir='ltr'>duce</span> <span class='ocrx_word' id='word_1_26' title='bbox 1007 854 1117 914; x_wconf 91' lang='lat' dir='ltr'>per</span> <span class='ocrx_word' id='word_1_27' title='bbox 1163 853 1385 914; x_wconf 90' lang='lat' dir='ltr'>pueros</span> <span class='ocrx_word' id='word_1_28' title='bbox 1431 834 1632 895; x_wconf 87' lang='lat' dir='ltr'>hostili</span> <span class='ocrx_word' id='word_1_29' title='bbox 1680 854 1844 895; x_wconf 89' lang='lat' dir='ltr'>more</span> <span class='ocrx_word' id='word_1_30' title='bbox 1891 837 2177 910; x_wconf 87' lang='lat' dir='ltr'>refertur,</span> 
     </span>
     <span class='ocr_line' id='line_1_6' title="bbox 676 923 2208 1006; baseline 0 -21"><span class='ocrx_word' id='word_1_31' title='bbox 676 926 1071 985; x_wconf 88' lang='lat' dir='ltr'>Aduersarius</span> <span class='ocrx_word' id='word_1_32' title='bbox 1118 938 1212 984; x_wconf 87' lang='lat' dir='ltr'>est</span> <span class='ocrx_word' id='word_1_33' title='bbox 1256 925 1466 1004; x_wconf 87' lang='lat' dir='ltr'>frater,</span> <span class='ocrx_word' id='word_1_34' title='bbox 1513 924 1676 984; x_wconf 89' lang='lat' dir='ltr'>lacus</span> <span class='ocrx_word' id='word_1_35' title='bbox 1722 923 1971 1006; x_wconf 84' lang='lat' dir='ltr'>Hadria,</span> <span class='ocrx_word' id='word_1_36' title='bbox 2019 924 2208 985; x_wconf 91' lang='lat' dir='ltr'>donec</span> 
     </span>
     <span class='ocr_line' id='line_1_7' title="bbox 517 1011 2148 1075; baseline -0.001 -1"><span class='ocrx_word' id='word_1_37' title='bbox 517 1026 585 1074; x_wconf 82' lang='lat'>64</span> <span class='ocrx_word' id='word_1_38' title='bbox 678 1014 1049 1075; x_wconf 80' lang='lat' dir='ltr'><strong>Alterutrum</strong></span> <span class='ocrx_word' id='word_1_39' title='bbox 1095 1012 1269 1072; x_wconf 87' lang='lat' dir='ltr'>uelox</span> <span class='ocrx_word' id='word_1_40' title='bbox 1317 1011 1576 1073; x_wconf 82' lang='lat' dir='ltr'>Victoria</span> <span class='ocrx_word' id='word_1_41' title='bbox 1624 1013 1836 1073; x_wconf 84' lang='lat' dir='ltr'>fronde</span> <span class='ocrx_word' id='word_1_42' title='bbox 1884 1022 2148 1073; x_wconf 90' lang='lat' dir='ltr'>coronet.</span> 
     </span>
     <span class='ocr_line' id='line_1_8' title="bbox 637 1101 2114 1183; baseline -0.001 -20"><span class='ocrx_word' id='word_1_43' title='bbox 637 1104 1027 1163; x_wconf 67' lang='lat' dir='ltr'>‘Consentire</span> <span class='ocrx_word' id='word_1_44' title='bbox 1075 1104 1200 1161; x_wconf 87' lang='lat' dir='ltr'>suis</span> <span class='ocrx_word' id='word_1_45' title='bbox 1248 1101 1461 1161; x_wconf 89' lang='lat' dir='ltr'>studiis</span> <span class='ocrx_word' id='word_1_46' title='bbox 1508 1103 1610 1180; x_wconf 88' lang='lat' dir='ltr'>qui</span> <span class='ocrx_word' id='word_1_47' title='bbox 1659 1102 1979 1163; x_wconf 82' lang='lat' dir='ltr'>crediderit</span> <span class='ocrx_word' id='word_1_48' title='bbox 2024 1111 2114 1183; x_wconf 89' lang='lat' dir='ltr'>te,</span> 
     </span>
     <span class='ocr_line' id='line_1_9' title="bbox 673 1190 2245 1269; baseline -0.001 -17"><span class='ocrx_word' id='word_1_49' title='bbox 673 1193 893 1253; x_wconf 88' lang='lat' dir='ltr'>Fautor</span> <span class='ocrx_word' id='word_1_50' title='bbox 939 1199 1193 1269; x_wconf 87' lang='lat' dir='ltr'>utroque</span> <span class='ocrx_word' id='word_1_51' title='bbox 1242 1197 1413 1251; x_wconf 86' lang='lat' dir='ltr'>tuum</span> <span class='ocrx_word' id='word_1_52' title='bbox 1458 1190 1720 1251; x_wconf 79' lang='lat' dir='ltr'>laudabit</span> <span class='ocrx_word' id='word_1_53' title='bbox 1764 1190 1977 1269; x_wconf 85' lang='lat' dir='ltr'>pollice</span> <span class='ocrx_word' id='word_1_54' title='bbox 2023 1190 2245 1251; x_wconf 90' lang='lat' dir='ltr'>ludum.</span> 
     </span>
     <span class='ocr_line' id='line_1_10' title="bbox 673 1280 2344 1361; baseline 0 -20"><span class='ocrx_word' id='word_1_55' title='bbox 673 1282 955 1342; x_wconf 88' lang='lat' dir='ltr'>Protinus</span> <span class='ocrx_word' id='word_1_56' title='bbox 1002 1288 1069 1339; x_wconf 89' lang='lat' dir='ltr'>ut</span> <span class='ocrx_word' id='word_1_57' title='bbox 1114 1298 1411 1361; x_wconf 89' lang='lat' dir='ltr'>moneam,</span> <span class='ocrx_word' id='word_1_58' title='bbox 1460 1280 1655 1358; x_wconf 87' lang='lat' dir='ltr'>siquid</span> <span class='ocrx_word' id='word_1_59' title='bbox 1705 1282 2015 1341; x_wconf 90' lang='lat' dir='ltr'>monitoris</span> <span class='ocrx_word' id='word_1_60' title='bbox 2063 1299 2201 1359; x_wconf 88' lang='lat' dir='ltr'>eges</span> <span class='ocrx_word' id='word_1_61' title='bbox 2241 1288 2344 1341; x_wconf 84' lang='lat' dir='ltr'>tu:</span> 
     </span>
     <span class='ocr_line' id='line_1_11' title="bbox 514 1368 2395 1450; baseline -0.001 -20"><span class='ocrx_word' id='word_1_62' title='bbox 514 1382 580 1430; x_wconf 89' lang='grc'>68</span> <span class='ocrx_word' id='word_1_63' title='bbox 674 1370 828 1441; x_wconf 88' lang='lat' dir='ltr'>Quid</span> <span class='ocrx_word' id='word_1_64' title='bbox 878 1369 949 1430; x_wconf 92' lang='lat' dir='ltr'>de</span> <span class='ocrx_word' id='word_1_65' title='bbox 1000 1387 1235 1447; x_wconf 88' lang='lat' dir='ltr'>quoque</span> <span class='ocrx_word' id='word_1_66' title='bbox 1285 1371 1417 1429; x_wconf 90' lang='lat' dir='ltr'>uiro</span> <span class='ocrx_word' id='word_1_67' title='bbox 1466 1376 1527 1428; x_wconf 89' lang='lat' dir='ltr'>et</span> <span class='ocrx_word' id='word_1_68' title='bbox 1572 1371 1671 1429; x_wconf 93' lang='lat' dir='ltr'>cui</span> <span class='ocrx_word' id='word_1_69' title='bbox 1717 1368 1904 1450; x_wconf 80' lang='lat' dir='ltr'>dicaS,</span> <span class='ocrx_word' id='word_1_70' title='bbox 1953 1388 2130 1449; x_wconf 81' lang='lat' dir='ltr'>saepe</span> <span class='ocrx_word' id='word_1_71' title='bbox 2176 1370 2395 1430; x_wconf 89' lang='lat' dir='ltr'>uideto.</span> 
     </span>
     <span class='ocr_line' id='line_1_12' title="bbox 672 1458 2300 1538; baseline 0 -20"><span class='ocrx_word' id='word_1_72' title='bbox 672 1459 1160 1519; x_wconf 89' lang='lat' dir='ltr'>Percontatorem</span> <span class='ocrx_word' id='word_1_73' title='bbox 1207 1458 1425 1536; x_wconf 84' lang='lat' dir='ltr'>fugito:</span> <span class='ocrx_word' id='word_1_74' title='bbox 1473 1476 1608 1517; x_wconf 90' lang='lat' dir='ltr'>nam</span> <span class='ocrx_word' id='word_1_75' title='bbox 1656 1458 1931 1536; x_wconf 88' lang='lat' dir='ltr'>garrulus</span> <span class='ocrx_word' id='word_1_76' title='bbox 1978 1458 2136 1519; x_wconf 89' lang='lat' dir='ltr'>idem</span> <span class='ocrx_word' id='word_1_77' title='bbox 2183 1466 2300 1538; x_wconf 90' lang='lat' dir='ltr'>est,</span> 
     </span>
     <span class='ocr_line' id='line_1_13' title="bbox 670 1546 2291 1627; baseline -0.002 -19"><span class='ocrx_word' id='word_1_78' title='bbox 670 1547 793 1608; x_wconf 91' lang='lat' dir='ltr'>Nec</span> <span class='ocrx_word' id='word_1_79' title='bbox 841 1549 1102 1607; x_wconf 87' lang='lat' dir='ltr'>retinent</span> <span class='ocrx_word' id='word_1_80' title='bbox 1146 1546 1378 1625; x_wconf 90' lang='lat' dir='ltr'>patulae</span> <span class='ocrx_word' id='word_1_81' title='bbox 1427 1548 1740 1605; x_wconf 90' lang='lat' dir='ltr'>commissa</span> <span class='ocrx_word' id='word_1_82' title='bbox 1787 1547 2042 1607; x_wconf 88' lang='lat' dir='ltr'>fideliter</span> <span class='ocrx_word' id='word_1_83' title='bbox 2089 1565 2291 1627; x_wconf 80' lang='lat' dir='ltr'>aureS,</span> 
     </span>
     <span class='ocr_line' id='line_1_14' title="bbox 668 1634 2278 1696; baseline 0 0"><span class='ocrx_word' id='word_1_84' title='bbox 668 1636 745 1696; x_wconf 89' lang='lat' dir='ltr'>Et</span> <span class='ocrx_word' id='word_1_85' title='bbox 792 1636 974 1696; x_wconf 91' lang='lat' dir='ltr'>semel</span> <span class='ocrx_word' id='word_1_86' title='bbox 1021 1637 1303 1695; x_wconf 89' lang='lat' dir='ltr'>emissum</span> <span class='ocrx_word' id='word_1_87' title='bbox 1351 1634 1512 1695; x_wconf 90' lang='lat' dir='ltr'>uolat</span> <span class='ocrx_word' id='word_1_88' title='bbox 1558 1635 1960 1696; x_wconf 88' lang='lat' dir='ltr'>inreuocabile</span> <span class='ocrx_word' id='word_1_89' title='bbox 2007 1634 2278 1696; x_wconf 87' lang='lat' dir='ltr'>uerbum.</span> 
     </span>
     <span class='ocr_line' id='line_1_15' title="bbox 512 1722 2204 1802; baseline -0.001 -18"><span class='ocrx_word' id='word_1_90' title='bbox 512 1736 577 1784; x_wconf 81' lang='lat'>72</span> <span class='ocrx_word' id='word_1_91' title='bbox 669 1726 799 1785; x_wconf 90' lang='lat' dir='ltr'>Non</span> <span class='ocrx_word' id='word_1_92' title='bbox 848 1724 1057 1785; x_wconf 89' lang='lat' dir='ltr'>ancilla</span> <span class='ocrx_word' id='word_1_93' title='bbox 1102 1731 1275 1784; x_wconf 89' lang='lat' dir='ltr'>tuum</span> <span class='ocrx_word' id='word_1_94' title='bbox 1322 1726 1490 1784; x_wconf 89' lang='lat' dir='ltr'>iecur</span> <span class='ocrx_word' id='word_1_95' title='bbox 1537 1722 1769 1784; x_wconf 89' lang='lat' dir='ltr'>ulceret</span> <span class='ocrx_word' id='word_1_96' title='bbox 1813 1722 1930 1784; x_wconf 90' lang='lat' dir='ltr'>ulla</span> <span class='ocrx_word' id='word_1_97' title='bbox 1976 1742 2204 1802; x_wconf 91' lang='lat' dir='ltr'>puerue</span> 
     </span>
     <span class='ocr_line' id='line_1_16' title="bbox 667 1812 2119 1892; baseline -0.002 -18"><span class='ocrx_word' id='word_1_98' title='bbox 667 1814 832 1874; x_wconf 88' lang='lat' dir='ltr'>Intra</span> <span class='ocrx_word' id='word_1_99' title='bbox 877 1832 1275 1874; x_wconf 89' lang='lat' dir='ltr'>marmoreum</span> <span class='ocrx_word' id='word_1_100' title='bbox 1322 1812 1647 1873; x_wconf 89' lang='lat' dir='ltr'>uenerandi</span> <span class='ocrx_word' id='word_1_101' title='bbox 1693 1812 1873 1872; x_wconf 92' lang='lat' dir='ltr'>limen</span> <span class='ocrx_word' id='word_1_102' title='bbox 1921 1814 2119 1892; x_wconf 90' lang='lat' dir='ltr'>amici,</span> 
     </span>
     <span class='ocr_line' id='line_1_17' title="bbox 668 1900 2150 1981; baseline -0.003 -18"><span class='ocrx_word' id='word_1_103' title='bbox 668 1904 755 1963; x_wconf 91' lang='lat' dir='ltr'>Ne</span> <span class='ocrx_word' id='word_1_104' title='bbox 803 1902 1076 1963; x_wconf 91' lang='lat' dir='ltr'>dominus</span> <span class='ocrx_word' id='word_1_105' title='bbox 1122 1904 1296 1981; x_wconf 91' lang='lat' dir='ltr'>pueri</span> <span class='ocrx_word' id='word_1_106' title='bbox 1341 1901 1575 1981; x_wconf 90' lang='lat' dir='ltr'>pulchri</span> <span class='ocrx_word' id='word_1_107' title='bbox 1624 1919 1872 1962; x_wconf 88' lang='lat' dir='ltr'>caraeue</span> <span class='ocrx_word' id='word_1_108' title='bbox 1919 1900 2150 1981; x_wconf 88' lang='lat' dir='ltr'>puellae</span> 
     </span>
     <span class='ocr_line' id='line_1_18' title="bbox 666 1990 2276 2071; baseline -0.002 -18"><span class='ocrx_word' id='word_1_109' title='bbox 666 1993 912 2053; x_wconf 88' lang='lat' dir='ltr'>Munere</span> <span class='ocrx_word' id='word_1_110' title='bbox 960 1999 1018 2051; x_wconf 90' lang='lat' dir='ltr'>te</span> <span class='ocrx_word' id='word_1_111' title='bbox 1065 2008 1252 2071; x_wconf 91' lang='lat' dir='ltr'>paruo</span> <span class='ocrx_word' id='word_1_112' title='bbox 1299 1990 1437 2051; x_wconf 86' lang='lat' dir='ltr'>beet</span> <span class='ocrx_word' id='word_1_113' title='bbox 1482 1996 1584 2049; x_wconf 86' lang='lat' dir='ltr'>aut</span> <span class='ocrx_word' id='word_1_114' title='bbox 1630 1990 2040 2051; x_wconf 89' lang='lat' dir='ltr'>incommodus</span> <span class='ocrx_word' id='word_1_115' title='bbox 2087 1997 2276 2069; x_wconf 85' lang='lat' dir='ltr'>angat.</span> 
     </span>
     <span class='ocr_line' id='line_1_19' title="bbox 509 2080 2594 2160; baseline -0.001 -19"><span class='ocrx_word' id='word_1_116' title='bbox 509 2093 575 2141; x_wconf 82' lang='lat'>76</span> <span class='ocrx_word' id='word_1_117' title='bbox 670 2081 914 2153; x_wconf 83' lang='lat' dir='ltr'>Qualem</span> <span class='ocrx_word' id='word_1_118' title='bbox 964 2080 1343 2141; x_wconf 91' lang='lat' dir='ltr'>commendes</span> <span class='ocrx_word' id='word_1_119' title='bbox 1391 2082 1567 2140; x_wconf 90' lang='lat' dir='ltr'>etiam</span> <span class='ocrx_word' id='word_1_120' title='bbox 1615 2086 1792 2158; x_wconf 87' lang='lat' dir='ltr'>atque</span> <span class='ocrx_word' id='word_1_121' title='bbox 1840 2081 2018 2139; x_wconf 90' lang='lat' dir='ltr'>etiam</span> <span class='ocrx_word' id='word_1_122' title='bbox 2063 2080 2288 2160; x_wconf 85' lang='lat' dir='ltr'>aspice,</span> <span class='ocrx_word' id='word_1_123' title='bbox 2335 2097 2410 2138; x_wconf 91' lang='lat' dir='ltr'>ne</span> <span class='ocrx_word' id='word_1_124' title='bbox 2457 2095 2594 2139; x_wconf 88' lang='lat' dir='ltr'>mox</span> 
     </span>
     <span class='ocr_line' id='line_1_20' title="bbox 663 2168 1990 2247; baseline -0.002 -17"><span class='ocrx_word' id='word_1_125' title='bbox 663 2170 961 2231; x_wconf 86' lang='lat' dir='ltr'>Incutiant</span> <span class='ocrx_word' id='word_1_126' title='bbox 1007 2169 1192 2230; x_wconf 89' lang='lat' dir='ltr'>aliena</span> <span class='ocrx_word' id='word_1_127' title='bbox 1242 2169 1349 2228; x_wconf 92' lang='lat' dir='ltr'>tibi</span> <span class='ocrx_word' id='word_1_128' title='bbox 1393 2175 1635 2247; x_wconf 85' lang='lat' dir='ltr'>peccata</span> <span class='ocrx_word' id='word_1_129' title='bbox 1682 2168 1990 2247; x_wconf 87' lang='lat' dir='ltr'>pudorem.</span> 
     </span>
     <span class='ocr_line' id='line_1_21' title="bbox 662 2256 2404 2336; baseline -0.002 -17"><span class='ocrx_word' id='word_1_130' title='bbox 662 2259 945 2319; x_wconf 83' lang='lat' dir='ltr'>Fallimur</span> <span class='ocrx_word' id='word_1_131' title='bbox 992 2266 1051 2318; x_wconf 89' lang='lat' dir='ltr'>et</span> <span class='ocrx_word' id='word_1_132' title='bbox 1096 2258 1394 2336; x_wconf 88' lang='lat' dir='ltr'>quondam</span> <span class='ocrx_word' id='word_1_133' title='bbox 1440 2275 1561 2317; x_wconf 91' lang='lat' dir='ltr'>non</span> <span class='ocrx_word' id='word_1_134' title='bbox 1608 2257 1851 2336; x_wconf 88' lang='lat' dir='ltr'>dignum</span> <span class='ocrx_word' id='word_1_135' title='bbox 1897 2256 2215 2317; x_wconf 87' lang='lat' dir='ltr'>tradimus:</span> <span class='ocrx_word' id='word_1_136' title='bbox 2262 2274 2404 2335; x_wconf 86' lang='lat' dir='ltr'>ergo</span> 
     </span>
     <span class='ocr_line' id='line_1_22' title="bbox 665 2346 2346 2428; baseline -0.002 -19"><span class='ocrx_word' id='word_1_137' title='bbox 665 2349 854 2419; x_wconf 88' lang='lat' dir='ltr'>Quem</span> <span class='ocrx_word' id='word_1_138' title='bbox 902 2366 1006 2407; x_wconf 88' lang='lat' dir='ltr'>sua</span> <span class='ocrx_word' id='word_1_139' title='bbox 1055 2346 1225 2426; x_wconf 88' lang='lat' dir='ltr'>culpa</span> <span class='ocrx_word' id='word_1_140' title='bbox 1271 2353 1529 2426; x_wconf 84' lang='lat' dir='ltr'>premet,</span> <span class='ocrx_word' id='word_1_141' title='bbox 1577 2346 1864 2426; x_wconf 90' lang='lat' dir='ltr'>deceptus</span> <span class='ocrx_word' id='word_1_142' title='bbox 1911 2348 2114 2407; x_wconf 90' lang='lat' dir='ltr'>omitte</span> <span class='ocrx_word' id='word_1_143' title='bbox 2161 2346 2346 2428; x_wconf 90' lang='lat' dir='ltr'>tueri,</span> 
     </span>
     <span class='ocr_line' id='line_1_23' title="bbox 505 2436 2318 2517; baseline -0.001 -21"><span class='ocrx_word' id='word_1_144' title='bbox 505 2449 573 2496; x_wconf 87' lang='lat'>80</span> <span class='ocrx_word' id='word_1_145' title='bbox 665 2436 738 2498; x_wconf 94' lang='lat' dir='ltr'>Vt</span> <span class='ocrx_word' id='word_1_146' title='bbox 782 2439 1021 2516; x_wconf 92' lang='lat' dir='ltr'>penitus</span> <span class='ocrx_word' id='word_1_147' title='bbox 1069 2437 1303 2510; x_wconf 82' lang='lat' dir='ltr'>notum,</span> <span class='ocrx_word' id='word_1_148' title='bbox 1352 2438 1403 2495; x_wconf 91' lang='lat' dir='ltr'>si</span> <span class='ocrx_word' id='word_1_149' title='bbox 1451 2443 1743 2516; x_wconf 90' lang='lat' dir='ltr'>temptent</span> <span class='ocrx_word' id='word_1_150' title='bbox 1789 2438 2064 2517; x_wconf 88' lang='lat' dir='ltr'>crimina,</span> <span class='ocrx_word' id='word_1_151' title='bbox 2111 2454 2318 2495; x_wconf 91' lang='lat' dir='ltr'>serues</span> 
     </span>
     <span class='ocr_line' id='line_1_24' title="bbox 664 2524 2023 2606; baseline -0.001 -20"><span class='ocrx_word' id='word_1_152' title='bbox 664 2527 1022 2606; x_wconf 88' lang='lat' dir='ltr'>Tuterisque</span> <span class='ocrx_word' id='word_1_153' title='bbox 1071 2533 1174 2585; x_wconf 89' lang='lat' dir='ltr'>tuo</span> <span class='ocrx_word' id='word_1_154' title='bbox 1222 2526 1502 2586; x_wconf 85' lang='lat' dir='ltr'>fidentem</span> <span class='ocrx_word' id='word_1_155' title='bbox 1547 2524 1873 2605; x_wconf 93' lang='lat' dir='ltr'>praesidio:</span> <span class='ocrx_word' id='word_1_156' title='bbox 1922 2527 2023 2605; x_wconf 92' lang='lat' dir='ltr'>qui</span> 
     </span>
     <span class='ocr_line' id='line_1_25' title="bbox 664 2613 2190 2695; baseline -0.001 -21"><span class='ocrx_word' id='word_1_157' title='bbox 664 2615 851 2676; x_wconf 91' lang='lat' dir='ltr'>Dente</span> <span class='ocrx_word' id='word_1_158' title='bbox 899 2615 1207 2675; x_wconf 91' lang='lat' dir='ltr'>Theonino</span> <span class='ocrx_word' id='word_1_159' title='bbox 1256 2634 1393 2676; x_wconf 90' lang='lat' dir='ltr'>cum</span> <span class='ocrx_word' id='word_1_160' title='bbox 1439 2614 1930 2695; x_wconf 88' lang='lat' dir='ltr'>circumroditur,</span> <span class='ocrx_word' id='word_1_161' title='bbox 1977 2613 2190 2693; x_wconf 90' lang='lat' dir='ltr'>ecquid</span> 
     </span>
     <span class='ocr_line' id='line_1_26' title="bbox 661 2699 2146 2783; baseline -0.001 -20"><span class='ocrx_word' id='word_1_162' title='bbox 661 2704 745 2763; x_wconf 88' lang='lat' dir='ltr'>Ad</span> <span class='ocrx_word' id='word_1_163' title='bbox 795 2711 854 2763; x_wconf 90' lang='lat' dir='ltr'>te</span> <span class='ocrx_word' id='word_1_164' title='bbox 900 2710 1036 2783; x_wconf 86' lang='lat' dir='ltr'>post</span> <span class='ocrx_word' id='word_1_165' title='bbox 1080 2703 1255 2782; x_wconf 89' lang='lat' dir='ltr'>paulo</span> <span class='ocrx_word' id='word_1_166' title='bbox 1292 2711 1558 2764; x_wconf 90' lang='lat' dir='ltr'>&#39;uentura</span> <span class='ocrx_word' id='word_1_167' title='bbox 1602 2703 1868 2782; x_wconf 88' lang='lat' dir='ltr'>pericula</span> <span class='ocrx_word' id='word_1_168' title='bbox 1917 2699 2146 2763; x_wconf 81' lang='lat' dir='ltr'>sentis?</span> 
     </span>
     <span class='ocr_line' id='line_1_27' title="bbox 503 2791 2379 2873; baseline 0 -20"><span class='ocrx_word' id='word_1_169' title='bbox 503 2806 571 2854; x_wconf 86' lang='lat'>84</span> <span class='ocrx_word' id='word_1_170' title='bbox 660 2792 809 2853; x_wconf 91' lang='lat' dir='ltr'>Nam</span> <span class='ocrx_word' id='word_1_171' title='bbox 853 2800 953 2852; x_wconf 90' lang='lat' dir='ltr'>tua</span> <span class='ocrx_word' id='word_1_172' title='bbox 1003 2810 1100 2851; x_wconf 89' lang='lat' dir='ltr'>res</span> <span class='ocrx_word' id='word_1_173' title='bbox 1147 2794 1367 2872; x_wconf 86' lang='lat' dir='ltr'>agitur,</span> <span class='ocrx_word' id='word_1_174' title='bbox 1413 2793 1610 2869; x_wconf 88' lang='lat' dir='ltr'>paries</span> <span class='ocrx_word' id='word_1_175' title='bbox 1658 2810 1795 2851; x_wconf 89' lang='lat' dir='ltr'>cum</span> <span class='ocrx_word' id='word_1_176' title='bbox 1840 2793 2146 2870; x_wconf 87' lang='lat' dir='ltr'>proximus</span> <span class='ocrx_word' id='word_1_177' title='bbox 2185 2791 2379 2873; x_wconf 89' lang='lat' dir='ltr'>ardet,</span> 
     </span>
     <span class='ocr_line' id='line_1_28' title="bbox 659 2879 2118 2941; baseline -0.002 0"><span class='ocrx_word' id='word_1_178' title='bbox 659 2881 736 2941; x_wconf 93' lang='lat' dir='ltr'>Et</span> <span class='ocrx_word' id='word_1_179' title='bbox 781 2880 1045 2941; x_wconf 88' lang='lat' dir='ltr'>neclecta</span> <span class='ocrx_word' id='word_1_180' title='bbox 1093 2880 1284 2940; x_wconf 90' lang='lat' dir='ltr'>solent</span> <span class='ocrx_word' id='word_1_181' title='bbox 1330 2879 1601 2940; x_wconf 89' lang='lat' dir='ltr'>incendia</span> <span class='ocrx_word' id='word_1_182' title='bbox 1652 2897 1887 2939; x_wconf 90' lang='lat' dir='ltr'>sumere</span> <span class='ocrx_word' id='word_1_183' title='bbox 1935 2881 2118 2939; x_wconf 77' lang='lat' dir='ltr'>uires,</span> 
     </span>
     <span class='ocr_line' id='line_1_29' title="bbox 659 2969 2073 3048; baseline -0.002 -18"><span class='ocrx_word' id='word_1_184' title='bbox 659 2969 860 3030; x_wconf 90' lang='lat' dir='ltr'>Dulcis</span> <span class='ocrx_word' id='word_1_185' title='bbox 907 2970 1233 3048; x_wconf 87' lang='lat' dir='ltr'>inexpertis</span> <span class='ocrx_word' id='word_1_186' title='bbox 1281 2969 1512 3029; x_wconf 91' lang='lat' dir='ltr'>cultura</span> <span class='ocrx_word' id='word_1_187' title='bbox 1558 2970 1822 3047; x_wconf 92' lang='lat' dir='ltr'>potentis</span> <span class='ocrx_word' id='word_1_188' title='bbox 1870 2969 2073 3047; x_wconf 83' lang='lat' dir='ltr'>amici3</span> 
     </span>
     <span class='ocr_line' id='line_1_30' title="bbox 660 3055 2456 3138; baseline -0.001 -20"><span class='ocrx_word' id='word_1_189' title='bbox 660 3059 957 3138; x_wconf 87' lang='lat' dir='ltr'>Expertus</span> <span class='ocrx_word' id='word_1_190' title='bbox 1004 3066 1247 3118; x_wconf 90' lang='lat' dir='ltr'>metuet.</span> <span class='ocrx_word' id='word_1_191' title='bbox 1338 3058 1459 3137; x_wconf 91' lang='lat' dir='ltr'>Tu,</span> <span class='ocrx_word' id='word_1_192' title='bbox 1509 3057 1652 3117; x_wconf 90' lang='lat' dir='ltr'>dum</span> <span class='ocrx_word' id='word_1_193' title='bbox 1699 3064 1800 3116; x_wconf 92' lang='lat' dir='ltr'>tua</span> <span class='ocrx_word' id='word_1_194' title='bbox 1846 3058 2016 3116; x_wconf 91' lang='lat' dir='ltr'>nauis</span> <span class='ocrx_word' id='word_1_195' title='bbox 2063 3057 2122 3115; x_wconf 91' lang='lat' dir='ltr'>in</span> <span class='ocrx_word' id='word_1_196' title='bbox 2172 3055 2288 3116; x_wconf 84' lang='lat' dir='ltr'>alto</span> <span class='ocrx_word' id='word_1_197' title='bbox 2337 3064 2456 3138; x_wconf 89' lang='lat' dir='ltr'>est,</span> 
     </span>
     <span class='ocr_line' id='line_1_31' title="bbox 501 3146 2249 3228; baseline -0.001 -21"><span class='ocrx_word' id='word_1_198' title='bbox 501 3159 568 3207; x_wconf 87' lang='lat'>88</span> <span class='ocrx_word' id='word_1_199' title='bbox 660 3147 787 3208; x_wconf 91' lang='lat' dir='ltr'>Hoc</span> <span class='ocrx_word' id='word_1_200' title='bbox 835 3166 967 3228; x_wconf 85' lang='lat' dir='ltr'>age,</span> <span class='ocrx_word' id='word_1_201' title='bbox 1015 3165 1088 3206; x_wconf 91' lang='lat' dir='ltr'>ne</span> <span class='ocrx_word' id='word_1_202' title='bbox 1139 3153 1359 3207; x_wconf 90' lang='lat' dir='ltr'>mutata</span> <span class='ocrx_word' id='word_1_203' title='bbox 1407 3154 1739 3206; x_wconf 84' lang='lat' dir='ltr'>retrorsum</span> <span class='ocrx_word' id='word_1_204' title='bbox 1786 3152 1845 3205; x_wconf 91' lang='lat' dir='ltr'>te</span> <span class='ocrx_word' id='word_1_205' title='bbox 1893 3146 2045 3205; x_wconf 87' lang='lat' dir='ltr'>ferat</span> <span class='ocrx_word' id='word_1_206' title='bbox 2091 3163 2249 3205; x_wconf 88' lang='lat' dir='ltr'>aura.</span> 
     </span>
     <span class='ocr_line' id='line_1_32' title="bbox 661 3235 2136 3313; baseline -0.002 -17"><span class='ocrx_word' id='word_1_207' title='bbox 661 3236 932 3296; x_wconf 90' lang='lat' dir='ltr'>Oderunt</span> <span class='ocrx_word' id='word_1_208' title='bbox 978 3235 1225 3296; x_wconf 88' lang='lat' dir='ltr'>hilarem</span> <span class='ocrx_word' id='word_1_209' title='bbox 1272 3237 1477 3296; x_wconf 87' lang='lat' dir='ltr'>tristes</span> <span class='ocrx_word' id='word_1_210' title='bbox 1522 3237 1875 3313; x_wconf 89' lang='lat' dir='ltr'>tristemque</span> <span class='ocrx_word' id='word_1_211' title='bbox 1924 3235 2136 3313; x_wconf 89' lang='lat' dir='ltr'>iocosi,</span> 
     </span>
     <span class='ocr_line' id='line_1_33' title="bbox 662 3324 2194 3407; baseline -0.002 -22"><span class='ocrx_word' id='word_1_212' title='bbox 662 3324 941 3386; x_wconf 89' lang='lat' dir='ltr'>Sedatum</span> <span class='ocrx_word' id='word_1_213' title='bbox 989 3325 1241 3407; x_wconf 85' lang='lat' dir='ltr'>celereS,</span> <span class='ocrx_word' id='word_1_214' title='bbox 1288 3325 1499 3404; x_wconf 85' lang='lat' dir='ltr'>agilem</span> <span class='ocrx_word' id='word_1_215' title='bbox 1546 3341 1884 3403; x_wconf 87' lang='lat' dir='ltr'>nauumque</span> <span class='ocrx_word' id='word_1_216' title='bbox 1932 3324 2194 3404; x_wconf 89' lang='lat' dir='ltr'>remissi,</span> 
     </span>
    </p>
   </div>
   <div class='ocr_carea' id='block_1_3' title="bbox 345 3441 768 3448">
    <p class='ocr_par' dir='ltr' id='par_1_3' title="bbox 345 3441 768 3448">
     <span class='ocr_line' id='line_1_34' title="bbox 345 3441 768 3448; baseline 0 1752"><span class='ocrx_word' id='word_1_217' title='bbox 345 3441 768 3448; x_wconf 95' lang='lat' dir='ltr'> </span> 
     </span>
    </p>
   </div>
   <div class='ocr_carea' id='block_1_4' title="bbox 500 3500 2061 3580">
    <p class='ocr_par' dir='ltr' id='par_1_4' title="bbox 500 3500 2061 3580">
     <span class='ocr_line' id='line_1_35' title="bbox 500 3500 2061 3580; baseline -0.001 -18"><span class='ocrx_word' id='word_1_218' title='bbox 500 3515 565 3563; x_wconf 87' lang='grc'>91</span> <span class='ocrx_word' id='word_1_219' title='bbox 658 3500 963 3580; x_wconf 85' lang='lat' dir='ltr'>†Potores</span> <span class='ocrx_word' id='word_1_220' title='bbox 1010 3502 1197 3563; x_wconf 90' lang='lat' dir='ltr'>bibuli</span> <span class='ocrx_word' id='word_1_221' title='bbox 1246 3503 1436 3563; x_wconf 89' lang='lat' dir='ltr'>media</span> <span class='ocrx_word' id='word_1_222' title='bbox 1482 3503 1555 3562; x_wconf 88' lang='lat' dir='ltr'>de</span> <span class='ocrx_word' id='word_1_223' title='bbox 1606 3510 1778 3563; x_wconf 92' lang='lat' dir='ltr'>nocte</span> <span class='ocrx_word' id='word_1_224' title='bbox 1825 3501 2061 3562; x_wconf 91' lang='lat' dir='ltr'>Falerni</span> 
     </span>
    </p>
   </div>
   <div class='ocr_carea' id='block_1_5' title="bbox 338 3625 764 3634">
    <p class='ocr_par' dir='ltr' id='par_1_5' title="bbox 338 3625 764 3634">
     <span class='ocr_line' id='line_1_36' title="bbox 338 3625 764 3634; baseline 0 1566"><span class='ocrx_word' id='word_1_225' title='bbox 338 3625 764 3634; x_wconf 95' lang='lat' dir='ltr'> </span> 
     </span>
    </p>
   </div>
   <div class='ocr_carea' id='block_1_6' title="bbox 861 3671 2089 3762">
    <p class='ocr_par' dir='ltr' id='par_1_6' title="bbox 861 3671 2089 3762">
     <span class='ocr_line' id='line_1_37' title="bbox 861 3671 2089 3762; baseline -0.001 -23"><span class='ocrx_word' id='word_1_226' title='bbox 861 3671 2089 3762; x_wconf 54' lang='lat' dir='ltr'>A‘(Aa)va912F(q0w)x(u)azan*(mv</span> 
     </span>
    </p>
   </div>
   <div class='ocr_carea' id='block_1_7' title="bbox 336 3792 2630 4647">
    <p class='ocr_par' dir='ltr' id='par_1_7' title="bbox 482 3792 2627 3863">
     <span class='ocr_line' id='line_1_38' title="bbox 482 3792 2627 3863; baseline 0.001 -15"><span class='ocrx_word' id='word_1_227' title='bbox 482 3801 549 3849; x_wconf 82' lang='lat'>61</span> <span class='ocrx_word' id='word_1_228' title='bbox 588 3795 836 3850; x_wconf 83' lang='lat' dir='ltr'>Partitus</span> <span class='ocrx_word' id='word_1_229' title='bbox 864 3815 898 3848; x_wconf 76' lang='lat' dir='ltr'><em>v</em></span> <span class='ocrx_word' id='word_1_230' title='bbox 917 3801 980 3849; x_wconf 80' lang='lat' dir='ltr'>ut</span> <span class='ocrx_word' id='word_1_231' title='bbox 997 3797 1113 3850; x_wconf 78' lang='lat' dir='ltr'>uid.</span> <span class='ocrx_word' id='word_1_232' title='bbox 1134 3797 1202 3850; x_wconf 78' lang='lat' dir='ltr'>dz</span> <span class='ocrx_word' id='word_1_233' title='bbox 1272 3795 1520 3848; x_wconf 82' lang='lat' dir='ltr'>Partitur</span> <span class='ocrx_word' id='word_1_234' title='bbox 1548 3799 1662 3848; x_wconf 79' lang='lat' dir='ltr'>cett.</span> <span class='ocrx_word' id='word_1_235' title='bbox 1697 3811 1838 3848; x_wconf 75' lang='lat' dir='ltr'>eone.</span> <span class='ocrx_word' id='word_1_236' title='bbox 1873 3792 2032 3863; x_wconf 73' lang='lat' dir='ltr'>Pph!</span> <span class='ocrx_word' id='word_1_237' title='bbox 2177 3813 2230 3849; x_wconf 78' lang='lat' dir='ltr'>u.</span> <span class='ocrx_word' id='word_1_238' title='bbox 2264 3801 2330 3848; x_wconf 81' lang='lat'>73</span> <span class='ocrx_word' id='word_1_239' title='bbox 2360 3795 2574 3850; x_wconf 77' lang='lat' dir='ltr'>excisus</span> <span class='ocrx_word' id='word_1_240' title='bbox 2601 3816 2627 3850; x_wconf 88' lang='grc' dir='ltr'><em>ε</em></span> 
     </span>
    </p>

    <p class='ocr_par' dir='ltr' id='par_1_8' title="bbox 336 3860 2630 4647">
     <span class='ocr_line' id='line_1_39' title="bbox 484 3860 2630 3952; baseline 0 -33"><span class='ocrx_word' id='word_1_241' title='bbox 484 3871 552 3920; x_wconf 78' lang='grc'>74</span> <span class='ocrx_word' id='word_1_242' title='bbox 596 3865 682 3920; x_wconf 99' lang='grc' dir='ltr'>ΝΘ</span> <span class='ocrx_word' id='word_1_243' title='bbox 730 3866 983 3920; x_wconf 83' lang='lat' dir='ltr'>dominus</span> <span class='ocrx_word' id='word_1_244' title='bbox 1028 3866 1189 3935; x_wconf 87' lang='lat' dir='ltr'>pueri</span> <span class='ocrx_word' id='word_1_245' title='bbox 1232 3865 1453 3934; x_wconf 81' lang='lat' dir='ltr'>pulchri</span> <span class='ocrx_word' id='word_1_246' title='bbox 1498 3860 1961 3952; x_wconf 61' lang='lat' dir='ltr'>A&#39;yquFk&#39;zw‘</span> <span class='ocrx_word' id='word_1_247' title='bbox 2046 3866 2130 3920; x_wconf 88' lang='lat' dir='ltr'>Ne</span> <span class='ocrx_word' id='word_1_248' title='bbox 2175 3868 2338 3934; x_wconf 88' lang='lat' dir='ltr'>pueri</span> <span class='ocrx_word' id='word_1_249' title='bbox 2373 3866 2630 3921; x_wconf 85' lang='lat' dir='ltr'>dominus</span> 
     </span>
     <span class='ocr_line' id='line_1_40' title="bbox 336 3935 2628 4010; baseline 0 -18"><span class='ocrx_word' id='word_1_250' title='bbox 336 3935 563 4010; x_wconf 84' lang='lat' dir='ltr'>pulchri</span> <span class='ocrx_word' id='word_1_251' title='bbox 575 3937 665 4006; x_wconf 76' lang='lat' dir='ltr'>Ey</span> <span class='ocrx_word' id='word_1_252' title='bbox 719 3937 804 3991; x_wconf 86' lang='lat' dir='ltr'>Ne</span> <span class='ocrx_word' id='word_1_253' title='bbox 814 3936 972 4006; x_wconf 91' lang='lat' dir='ltr'>pueri</span> <span class='ocrx_word' id='word_1_254' title='bbox 984 3937 1131 4006; x_wconf 89' lang='lat' dir='ltr'>(puri</span> <span class='ocrx_word' id='word_1_255' title='bbox 1147 3938 1264 4004; x_wconf 79' lang='lat' dir='ltr'><em>Pf.)</em></span> <span class='ocrx_word' id='word_1_256' title='bbox 1276 3935 1486 3990; x_wconf 87' lang='lat' dir='ltr'>domini</span> <span class='ocrx_word' id='word_1_257' title='bbox 1501 3936 1641 4004; x_wconf 75' lang='lat' dir='ltr'>Pph.</span> <span class='ocrx_word' id='word_1_258' title='bbox 1707 3937 1793 3990; x_wconf 90' lang='lat' dir='ltr'>Ne</span> <span class='ocrx_word' id='word_1_259' title='bbox 1804 3936 2042 3991; x_wconf 78' lang='lat' dir='ltr'>dominis</span> <span class='ocrx_word' id='word_1_260' title='bbox 2052 3938 2212 4006; x_wconf 87' lang='lat' dir='ltr'>pueri</span> <span class='ocrx_word' id='word_1_261' title='bbox 2222 3936 2483 4006; x_wconf 82' lang='lat' dir='ltr'>pulchriv</span> <span class='ocrx_word' id='word_1_262' title='bbox 2543 3939 2628 3992; x_wconf 89' lang='grc' dir='ltr'>ΝΘ</span> 
     </span>
     <span class='ocr_line' id='line_1_41' title="bbox 338 4007 2559 4078; baseline -0.001 -13"><span class='ocrx_word' id='word_1_263' title='bbox 338 4008 598 4065; x_wconf 82' lang='lat' dir='ltr'>dominus</span> <span class='ocrx_word' id='word_1_264' title='bbox 615 4008 837 4076; x_wconf 91' lang='lat' dir='ltr'>pulchri</span> <span class='ocrx_word' id='word_1_265' title='bbox 855 4008 1069 4076; x_wconf 83' lang='lat' dir='ltr'>puerid</span> <span class='ocrx_word' id='word_1_266' title='bbox 1202 4013 1269 4062; x_wconf 90' lang='lat'>81</span> <span class='ocrx_word' id='word_1_267' title='bbox 1302 4007 1473 4061; x_wconf 82' lang='lat' dir='ltr'>fidens</span> <span class='ocrx_word' id='word_1_268' title='bbox 1493 4009 1578 4061; x_wconf 84' lang='lat' dir='ltr'>est</span> <span class='ocrx_word' id='word_1_269' title='bbox 1596 4007 1754 4061; x_wconf 68' lang='lat' dir='ltr'>dez</span> <span class='ocrx_word' id='word_1_270' title='bbox 1815 4007 2118 4062; x_wconf 84' lang='lat' dir='ltr'>findentem</span> <span class='ocrx_word' id='word_1_271' title='bbox 2137 4025 2173 4062; x_wconf 87' lang='lat' dir='ltr'>a</span> <span class='ocrx_word' id='word_1_272' title='bbox 2235 4007 2472 4068; x_wconf 81' lang='lat' dir='ltr'>fidenter</span> <span class='ocrx_word' id='word_1_273' title='bbox 2487 4025 2559 4078; x_wconf 76' lang='lat' dir='ltr'>vy</span> 
     </span>
     <span class='ocr_line' id='line_1_42' title="bbox 337 4074 2630 4148; baseline -0.001 -12"><span class='ocrx_word' id='word_1_274' title='bbox 337 4082 605 4136; x_wconf 85' lang='lat' dir='ltr'>fidentem</span> <span class='ocrx_word' id='word_1_275' title='bbox 632 4085 749 4134; x_wconf 82' lang='lat' dir='ltr'>cett.</span> <span class='ocrx_word' id='word_1_276' title='bbox 885 4084 951 4132; x_wconf 84' lang='lat'>82</span> <span class='ocrx_word' id='word_1_277' title='bbox 983 4079 1183 4147; x_wconf 89' lang='lat' dir='ltr'>ecquid</span> <span class='ocrx_word' id='word_1_278' title='bbox 1210 4074 1496 4146; x_wconf 72' lang='lat' dir='ltr'>avadzu&#39;</span> <span class='ocrx_word' id='word_1_279' title='bbox 1523 4079 1618 4146; x_wconf 77' lang='lat' dir='ltr'>Pf.</span> <span class='ocrx_word' id='word_1_280' title='bbox 1647 4080 1806 4148; x_wconf 76' lang='lat'><strong><em>91083.</em></strong></span> <span class='ocrx_word' id='word_1_281' title='bbox 1830 4083 1884 4132; x_wconf 91' lang='grc' dir='ltr'>Γ</span> <span class='ocrx_word' id='word_1_282' title='bbox 1951 4079 2110 4147; x_wconf 91' lang='lat' dir='ltr'>ecqui</span> <span class='ocrx_word' id='word_1_283' title='bbox 2133 4082 2162 4132; x_wconf 75' lang='grc' dir='ltr'><strong><em>λ</em></strong></span> <span class='ocrx_word' id='word_1_284' title='bbox 2236 4095 2299 4132; x_wconf 89' lang='lat' dir='ltr'>ec</span> <span class='ocrx_word' id='word_1_285' title='bbox 2329 4077 2457 4146; x_wconf 89' lang='lat' dir='ltr'>quic</span> <span class='ocrx_word' id='word_1_286' title='bbox 2488 4080 2508 4133; x_wconf 81' lang='lat' dir='ltr'><em>l</em></span> <span class='ocrx_word' id='word_1_287' title='bbox 2569 4082 2630 4134; x_wconf 85' lang='lat' dir='ltr'>et</span> 
     </span>
     <span class='ocr_line' id='line_1_43' title="bbox 338 4145 2557 4222; baseline -0.002 -16"><span class='ocrx_word' id='word_1_288' title='bbox 338 4152 475 4222; x_wconf 84' lang='lat' dir='ltr'>quid</span> <span class='ocrx_word' id='word_1_289' title='bbox 492 4151 761 4219; x_wconf 74' lang='lat' dir='ltr'>AEqRev</span> <span class='ocrx_word' id='word_1_290' title='bbox 784 4150 924 4218; x_wconf 74' lang='lat' dir='ltr'>Pph.</span> <span class='ocrx_word' id='word_1_291' title='bbox 1061 4155 1129 4204; x_wconf 88' lang='grc'>86</span> <span class='ocrx_word' id='word_1_292' title='bbox 1157 4148 1433 4218; x_wconf 78' lang='lat' dir='ltr'>inexperti</span> <span class='ocrx_word' id='word_1_293' title='bbox 1454 4145 1613 4218; x_wconf 75' lang='lat' dir='ltr'>Pph!</span> <span class='ocrx_word' id='word_1_294' title='bbox 1749 4155 1817 4204; x_wconf 75' lang='lat'>87</span> <span class='ocrx_word' id='word_1_295' title='bbox 1847 4152 2062 4205; x_wconf 81' lang='lat' dir='ltr'>metuet</span> <span class='ocrx_word' id='word_1_296' title='bbox 2084 4145 2557 4204; x_wconf 65' lang='lat' dir='ltr'>vERle&#39;dzsn&#39;v</span> 
     </span>
     <span class='ocr_line' id='line_1_44' title="bbox 338 4215 2624 4292; baseline -0 -14"><span class='ocrx_word' id='word_1_297' title='bbox 338 4224 542 4278; x_wconf 85' lang='lat' dir='ltr'>metuit</span> <span class='ocrx_word' id='word_1_298' title='bbox 558 4221 703 4292; x_wconf 70' lang='lat' dir='ltr'>A&#39;yq</span> <span class='ocrx_word' id='word_1_299' title='bbox 845 4228 910 4275; x_wconf 85' lang='lat'>91</span> <span class='ocrx_word' id='word_1_300' title='bbox 932 4237 1006 4290; x_wconf 76' lang='lat' dir='ltr'>sq.</span> <span class='ocrx_word' id='word_1_301' title='bbox 1027 4219 1518 4275; x_wconf 87' lang='lat' dir='ltr'>bibuli—oderunt</span> <span class='ocrx_word' id='word_1_302' title='bbox 1534 4222 1636 4275; x_wconf 78' lang='lat' dir='ltr'>del.</span> <span class='ocrx_word' id='word_1_303' title='bbox 1660 4221 1938 4276; x_wconf 77' lang='lat' dir='ltr'>Pettierus</span> <span class='ocrx_word' id='word_1_304' title='bbox 2069 4223 2134 4276; x_wconf 73' lang='lat' dir='ltr'>in</span> <span class='ocrx_word' id='word_1_305' title='bbox 2149 4239 2185 4291; x_wconf 79' lang='lat'><strong><em>9</em></strong></span> <span class='ocrx_word' id='word_1_306' title='bbox 2194 4237 2286 4290; x_wconf 79' lang='lat' dir='ltr'>pr.</span> <span class='ocrx_word' id='word_1_307' title='bbox 2307 4237 2404 4276; x_wconf 76' lang='lat' dir='ltr'>uu.</span> <span class='ocrx_word' id='word_1_308' title='bbox 2427 4228 2514 4276; x_wconf 88' lang='grc'>89.</span> <span class='ocrx_word' id='word_1_309' title='bbox 2541 4215 2624 4277; x_wconf 84' lang='grc'>90.</span> 
     </span>
     <span class='ocr_line' id='line_1_45' title="bbox 340 4293 2628 4358; baseline -0.001 -8"><span class='ocrx_word' id='word_1_310' title='bbox 340 4303 406 4350; x_wconf 84' lang='grc'>92</span> <span class='ocrx_word' id='word_1_311' title='bbox 452 4296 532 4350; x_wconf 77' lang='lat' dir='ltr'>sic</span> <span class='ocrx_word' id='word_1_312' title='bbox 576 4293 825 4349; x_wconf 79' lang='lat' dir='ltr'>ordinati</span> <span class='ocrx_word' id='word_1_313' title='bbox 868 4297 1051 4346; x_wconf 74' lang='lat' dir='ltr'>erant:</span> <span class='ocrx_word' id='word_1_314' title='bbox 1098 4299 1182 4347; x_wconf 91' lang='grc'>90.</span> <span class='ocrx_word' id='word_1_315' title='bbox 1221 4297 1307 4345; x_wconf 82' lang='grc'>92.</span> <span class='ocrx_word' id='word_1_316' title='bbox 1346 4297 1439 4358; x_wconf 76' lang='lat'>893</span> <span class='ocrx_word' id='word_1_317' title='bbox 1488 4307 1625 4346; x_wconf 81' lang='lat' dir='ltr'>corr.</span> <span class='ocrx_word' id='word_1_318' title='bbox 1672 4298 1735 4346; x_wconf 80' lang='lat' dir='ltr'>ut</span> <span class='ocrx_word' id='word_1_319' title='bbox 1777 4293 2000 4346; x_wconf 76' lang='lat' dir='ltr'>uidetur</span> <span class='ocrx_word' id='word_1_320' title='bbox 2043 4294 2160 4347; x_wconf 84' lang='lat' dir='ltr'>ead.</span> <span class='ocrx_word' id='word_1_321' title='bbox 2206 4309 2377 4346; x_wconf 75' lang='lat' dir='ltr'>manu</span> <span class='ocrx_word' id='word_1_322' title='bbox 2413 4293 2628 4348; x_wconf 80' lang='lat' dir='ltr'>additis</span> 
     </span>
     <span class='ocr_line' id='line_1_46' title="bbox 339 4363 2628 4438; baseline -0.001 -17"><span class='ocrx_word' id='word_1_323' title='bbox 339 4367 536 4422; x_wconf 80' lang='lat' dir='ltr'>litteris</span> <span class='ocrx_word' id='word_1_324' title='bbox 571 4367 609 4420; x_wconf 93' lang='lat' dir='ltr'>b</span> <span class='ocrx_word' id='word_1_325' title='bbox 629 4383 664 4419; x_wconf 87' lang='lat' dir='ltr'>a</span> <span class='ocrx_word' id='word_1_326' title='bbox 806 4381 861 4418; x_wconf 76' lang='lat' dir='ltr'>u.</span> <span class='ocrx_word' id='word_1_327' title='bbox 893 4370 959 4417; x_wconf 88' lang='grc'>91</span> <span class='ocrx_word' id='word_1_328' title='bbox 998 4364 1147 4418; x_wconf 69' lang='lat' dir='ltr'>omia.</span> <span class='ocrx_word' id='word_1_329' title='bbox 1187 4379 1359 4428; x_wconf 56' lang='grc' dir='ltr'>οπως</span> <span class='ocrx_word' id='word_1_330' title='bbox 1396 4363 1647 4424; x_wconf 72' lang='lat' dir='ltr'>exhibent</span> <span class='ocrx_word' id='word_1_331' title='bbox 1682 4382 1718 4417; x_wconf 91' lang='lat' dir='ltr'>a</span> <span class='ocrx_word' id='word_1_332' title='bbox 1745 4364 1937 4432; x_wconf 79' lang='lat' dir='ltr'>prima</span> <span class='ocrx_word' id='word_1_333' title='bbox 1972 4380 2145 4419; x_wconf 80' lang='lat' dir='ltr'>manu</span> <span class='ocrx_word' id='word_1_334' title='bbox 2179 4366 2553 4420; x_wconf 75' lang='lat' dir='ltr'>tantummodo</span> <span class='ocrx_word' id='word_1_335' title='bbox 2589 4385 2628 4438; x_wconf 75' lang='lat' dir='ltr'><strong><em>y</em></strong></span> 
     </span>
     <span class='ocr_line' id='line_1_47' title="bbox 342 4433 2624 4508; baseline 0 -16"><span class='ocrx_word' id='word_1_336' title='bbox 342 4438 398 4508; x_wconf 86' lang='grc' dir='ltr'>[σ</span> <span class='ocrx_word' id='word_1_337' title='bbox 429 4438 729 4492; x_wconf 72' lang='lat' dir='ltr'>Parisinus</span> <span class='ocrx_word' id='word_1_338' title='bbox 764 4441 905 4490; x_wconf 82' lang='lat'>8216</span> <span class='ocrx_word' id='word_1_339' title='bbox 946 4434 1220 4503; x_wconf 76' lang='lat' dir='ltr'>Petropol.</span> <span class='ocrx_word' id='word_1_340' title='bbox 1261 4433 1497 4506; x_wconf 70' lang='lat' dir='ltr'>Valent]</span> <span class='ocrx_word' id='word_1_341' title='bbox 1535 4436 1804 4504; x_wconf 74' lang='lat' dir='ltr'>florileyia</span> <span class='ocrx_word' id='word_1_342' title='bbox 1831 4435 2292 4490; x_wconf 76' lang='lat' dir='ltr'>Nostradamense</span> <span class='ocrx_word' id='word_1_343' title='bbox 2327 4441 2377 4490; x_wconf 82' lang='lat' dir='ltr'>et</span> <span class='ocrx_word' id='word_1_344' title='bbox 2407 4437 2624 4492; x_wconf 75' lang='lat' dir='ltr'>Parisi-</span> 
     </span>
     <span class='ocr_line' id='line_1_48' title="bbox 338 4505 2623 4564; baseline 0 -1"><span class='ocrx_word' id='word_1_345' title='bbox 338 4525 472 4563; x_wconf 72' lang='lat' dir='ltr'>num</span> <span class='ocrx_word' id='word_1_346' title='bbox 517 4513 687 4563; x_wconf 67' lang='lat'>88182·</span> <span class='ocrx_word' id='word_1_347' title='bbox 733 4508 929 4563; x_wconf 78' lang='lat' dir='ltr'>laudat</span> <span class='ocrx_word' id='word_1_348' title='bbox 971 4507 1120 4560; x_wconf 79' lang='lat' dir='ltr'>hunc</span> <span class='ocrx_word' id='word_1_349' title='bbox 1163 4521 1379 4559; x_wconf 77' lang='lat' dir='ltr'>uersum</span> <span class='ocrx_word' id='word_1_350' title='bbox 1428 4512 1491 4558; x_wconf 76' lang='lat' dir='ltr'>ut</span> <span class='ocrx_word' id='word_1_351' title='bbox 1528 4505 1907 4560; x_wconf 73' lang='lat' dir='ltr'>Horatianum</span> <span class='ocrx_word' id='word_1_352' title='bbox 1943 4507 2144 4561; x_wconf 78' lang='lat' dir='ltr'>Nestor</span> <span class='ocrx_word' id='word_1_353' title='bbox 2177 4507 2246 4560; x_wconf 90' lang='lat' dir='ltr'><strong><em>N</em></strong></span> <span class='ocrx_word' id='word_1_354' title='bbox 2241 4509 2546 4564; x_wconf 63' lang='lat' dir='ltr'>mariensis</span> <span class='ocrx_word' id='word_1_355' title='bbox 2581 4525 2623 4563; x_wconf 85' lang='lat'>8.</span> 
     </span>
     <span class='ocr_line' id='line_1_49' title="bbox 340 4575 2626 4647; baseline 0.001 -14"><span class='ocrx_word' id='word_1_356' title='bbox 340 4597 394 4635; x_wconf 79' lang='lat' dir='ltr'>u.</span> <span class='ocrx_word' id='word_1_357' title='bbox 434 4584 585 4647; x_wconf 77' lang='lat' dir='ltr'>tepor</span> <span class='ocrx_word' id='word_1_358' title='bbox 591 4599 613 4645; x_wconf 91' lang='lat'><em>;</em></span> <span class='ocrx_word' id='word_1_359' title='bbox 648 4580 775 4635; x_wconf 79' lang='lat' dir='ltr'>item</span> <span class='ocrx_word' id='word_1_360' title='bbox 809 4579 1008 4634; x_wconf 77' lang='lat' dir='ltr'>habent</span> <span class='ocrx_word' id='word_1_361' title='bbox 1041 4579 1093 4632; x_wconf 76' lang='lat' dir='ltr'>h.</span> <span class='ocrx_word' id='word_1_362' title='bbox 1130 4593 1185 4632; x_wconf 75' lang='lat' dir='ltr'>u.</span> <span class='ocrx_word' id='word_1_363' title='bbox 1216 4575 1569 4633; x_wconf 76' lang='lat' dir='ltr'>Hildebertus</span> <span class='ocrx_word' id='word_1_364' title='bbox 1604 4583 1655 4633; x_wconf 76' lang='lat' dir='ltr'>et</span> <span class='ocrx_word' id='word_1_365' title='bbox 1692 4577 2010 4634; x_wconf 72' lang='lat' dir='ltr'>Vincentius</span> <span class='ocrx_word' id='word_1_366' title='bbox 2017 4599 2040 4645; x_wconf 90' lang='lat'>,·</span> <span class='ocrx_word' id='word_1_367' title='bbox 2074 4580 2392 4635; x_wconf 72' lang='lat' dir='ltr'>recentiores</span> <span class='ocrx_word' id='word_1_368' title='bbox 2427 4597 2626 4636; x_wconf 74' lang='lat' dir='ltr'>manus</span> 
     </span>
    </p>
   </div>
   <div class='ocr_carea' id='block_1_8' title="bbox 3179 3797 3182 4299">
    <p class='ocr_par' dir='ltr' id='par_1_9' title="bbox 3179 3797 3182 4299">
     <span class='ocr_line' id='line_1_50' title="bbox 3179 3797 3182 4299; baseline 0 0"><span class='ocrx_word' id='word_1_369' title='bbox 3179 3797 3182 4299; x_wconf 95' lang='lat' dir='ltr'> </span> 
     </span>
    </p>
   </div>
  </div>
 </body>
</html>
