3209 5200
1180 392 1313 438 Lm.
1344 392 1395 453 1,
1428 391 1520 458 10,
1556 391 1755 457 1—-11,
1788 392 1848 439 19
2534 377 2662 439 201

696 538 813 597 Sed
858 536 1145 617 posquam
1191 540 1385 598 uictor
1432 537 1662 598 uiolens
1710 539 1984 598 discessit
2029 539 2100 597 ab
2148 540 2345 618 hoste,

693 626 823 686 Non
873 630 1134 705 equitem
1181 626 1388 707 dorso,
1436 645 1552 686 non
1602 629 1838 688 frenum
1885 626 2113 705 depulit
2158 647 2279 688 ore.

696 715 793 775 Sic
841 716 943 793 qui
987 718 1333 793 pauperiem
1378 716 1610 775 ueritus
1656 718 1887 793 potiore
1935 716 2185 777 metallis

534 815 601 862 40
693 804 991 863 Libertate
1040 811 1229 884 caret,
1277 804 1581 863 dominum
1627 804 1809 864 uehet
1854 804 2160 883 improbus
2207 814 2384 883 atque

694 892 932 952 Seruiet
977 899 1314 970 aeternum,
1363 894 1498 970 quia
1544 911 1731 971 paruo
1779 895 2007 953 nesciet
2053 896 2157 953 uti.

694 981 803 1041 Cui
850 998 969 1041 non
1017 982 1335 1041 conueniet
1382 998 1487 1041 sua
1534 999 1661 1061 res,
1707 989 1775 1041 ut
1821 981 2054 1042 calceus
2103 982 2270 1062 olim,

694 1069 756 1128 Si
802 1069 951 1148 pede
998 1071 1186 1129 maior
1234 1072 1372 1149 erit,
1422 1068 1761 1150 subuertet,
1809 1072 1860 1130 si
1905 1073 2125 1151 minor,
2172 1078 2323 1131 uret.

530 1169 601 1217 44
692 1157 908 1218 Laetus
956 1165 1116 1218 sorte
1165 1166 1265 1218 tua
1312 1160 1483 1219 uiues
1530 1160 1858 1238 sapienter,
1904 1158 2112 1234 Aristi,

690 1246 812 1305 Nec
858 1264 952 1307 me
999 1247 1260 1308 dimittes
1304 1248 1748 1328 incastigatum,
1794 1246 1897 1307 ubi
1943 1248 2112 1326 plura

693 1335 916 1413 Cogere
965 1354 1140 1413 quam
1188 1337 1331 1395 satis
1378 1343 1470 1396 est
1516 1353 1583 1395 ac
1631 1354 1751 1395 non
1799 1355 2033 1397 cessare
2082 1336 2349 1397 uidebor.

690 1423 949 1502 Imperat
995 1432 1097 1484 aut
1144 1426 1331 1484 seruit
1377 1424 1622 1483 collecta
1668 1427 1920 1503 pecunia
1966 1427 2210 1505 cuique,

532 1523 599 1591 48
693 1512 941 1572 Tort'um
989 1513 1163 1591 digna
1211 1514 1382 1590 sequi
1427 1515 1627 1590 potius
1675 1531 1850 1592 quam
1898 1513 2116 1574 ducere
2165 1516 2384 1574 sunem.

691 1599 847 1659 Haec
895 1600 1003 1660 tibi
1049 1599 1340 1661 dictabam
1387 1608 1523 1679 post
1569 1602 1772 1660 sanum
1818 1610 1994 1681 putre
2043 1602 2342 1683 Vacunae,

688 1688 950 1768 Excepto
999 1689 1154 1768 quod
1204 1708 1321 1748 non
1371 1689 1545 1749 simul
1594 1708 1782 1768 esseS‚
1832 1698 2030 1750 cetera
2076 1690 2282 1750 laetus.

1470 2035 1550 2095 XI

690 2159 843 2229 Quid
892 2159 999 2219 tibi
1047 2162 1173 2219 uisa
1222 2159 1427 2239 Chios,
1473 2158 1712 2240 Bullati,
1760 2169 2016 2237 notaque
2064 2150 2332 2220 Lesbos?

690 2247 842 2316 Quid
891 2250 1177 2307 concinna
1228 2245 1477 2308 Samos?
1524 2249 1662 2327 quid
1713 2249 1919 2309 Croesi
1966 2251 2127 2327 regia
2176 2246 2420 2309 Sardis?

690 2334 938 2415 Zmyrna
988 2336 1125 2415 quid
1177 2344 1235 2397 et
1284 2334 1634 2415 Colophon?
1681 2340 1898 2397 maiora
1948 2340 2252 2397 minoraue
2301 2335 2501 2397 fama?

564 2435 597 2481 4
689 2423 991 2484 Cunctane
1038 2443 1179 2504 prae
1226 2444 1431 2505 campo
1480 2434 1541 2486 et
1586 2425 1868 2485 Tiberino
1916 2426 2157 2486 flumine
2208 2422 2493 2486 sordent?

689 2513 776 2572 An
822 2516 990 2573 uenit
1035 2516 1094 2572 in
1142 2522 1348 2574 uotum
1397 2514 1662 2574 Attalicis
1710 2534 1781 2574 ex
1829 2514 2078 2574 urbibus
2126 2511 2286 2574 una?

688 2603 775 2660 An
823 2601 1124 2662 Lebedum
1170 2603 1374 2663 laudas
1420 2605 1554 2663 odio
1603 2606 1782 2663 maris
1829 2612 2005 2682 atque
2054 2600 2332 2664 uiarum?

690 2685 845 2749 ‘Scis
892 2689 1165 2750 Lebedus
1213 2692 1353 2769 quid
1402 2695 1505 2752 sit:
1554 2691 1752 2751 Gabiis
1799 2692 2093 2751 desertior
2140 2701 2316 2770 atque

570 2791 601 2837 8
694 2779 931 2838 Fidenis
980 2781 1175 2857 uicus3
1222 2787 1417 2839 tamen
1467 2780 1584 2839 illic
1635 2782 1840 2840 uiuere
1889 2781 2132 2861 uellem,

690 2867 1039 2945 Oblitusque
1088 2886 1384 2948 meorum,
1431 2867 1874 2928 obliuiscendus
1923 2877 1982 2928 et
2028 2869 2170 2948 illis,

686 2955 1028 3035 Neptunum
1073 2956 1282 3033 procul
1331 2975 1362 3015 e
1411 2963 1572 3015 terra
1621 2965 1890 3034 spectare
1938 2952 2275 3016 furentem'.
2493 3037 2498 3042 ἰ

690 3043 803 3103 Sed
855 3063 1049 3122 neque
1097 3047 1198 3122 qui
1247 3044 1441 3124 Capua
1490 3045 1735 3103 Romam
1781 3047 1958 3126 petit,
2003 3045 2192 3105 imbre
2238 3045 2481 3122 lutoque

534 3145 597 3189 12
690 3135 983 3212 Aspersus
1031 3131 1192 3192 uolet
1237 3135 1298 3193 in
1347 3151 1611 3212 caupona
1659 3136 1894 3214 uiuere3
1943 3152 2053 3193 nec
2101 3136 2203 3212 qui

688 3221 901 3299 Frigus
949 3220 1209 3300 collegit,
1257 3222 1465 3281 furnos
1513 3229 1573 3281 et
1619 3220 1825 3281 balnea
1873 3223 2072 3283 laudat

689 3307 760 3367 Vt
807 3311 1164 3368 fortunatam
1210 3309 1382 3388 plene
1430 3313 2046 3391 praestaiitia*tlitam;

688 3397 836 3477 Nec,
883 3399 934 3456 si
980 3405 1037 3456 te
1089 3398 1317 3458 ualidus
1363 3401 1673 3459 iactauerit
1719 3400 1936 3460 Auster
1981 3403 2040 3460 in
2089 3399 2234 3480 alto,

532 3498 596 3546 16
687 3485 915 3545 Idcirco
964 3505 1175 3546 nauem
1223 3495 1387 3547 trans
1434 3488 1728 3567 Aegaeum
1779 3507 1937 3549 mare
1987 3489 2226 3548 uendaS.

686 3573 974 3633 Incolumi
1020 3573 1259 3634 Rhodos
1307 3583 1366 3636 et
1411 3576 1687 3655 Mytilene
1733 3577 1979 3656 pulchra
2027 3578 2193 3658 facit,
2240 3577 2396 3655 quod

686 3662 943 3722 Paenula
992 3662 1268 3736 solstitio,
1318 3674 1647 3743 campestre
1696 3664 1992 3724 niualibus
2040 3669 2228 3744 auriS,

688 3750 802 3832 Per
848 3749 1118 3811 brumam
1165 3750 1425 3831 TiberiS,
1474 3752 1680 3812 Sextili
1727 3771 1929 3812 mense
1979 3756 2263 3813 caminus

924 3919 2096 4011 A'(Aa)va9RF(‹p1p)L'(ll)zsw'(wL)v

508 4049 574 4096 37
605 4044 821 4098 uiolens
838 4044 1019 4098 uictor
1037 4045 1133 4116 Ey
1205 4045 1386 4100 uictor
1411 4045 1628 4101 uiolens
1647 4051 1762 4100 cett.
1836 4045 1987 4100 uicto
2015 4045 2272 4100 inludens
2293 4047 2506 4100 Holder

365 4120 433 4166 40
456 4133 522 4167 us
513 4114 613 4168 hit
632 4116 727 4184 Ε3]
780 4115 951 4169 uehet
972 4121 1087 4169 cett.
1113 4117 1289 4185 Pph„
1256 4112 1270 4131 '
1285 4136 1341 4170 ·ε
1360 4135 1416 4172 η.
1438 4119 1472 4170 l.
1583 4123 1650 4169 41
1672 4118 1886 4171 nesciat
1904 4118 1959 4170 A
1968 4135 2054 4185 pr
2075 4133 2131 4171 κε
2242 4123 2310 4170 42
2332 4118 2417 4186 ut]
2441 4120 2500 4171 et
2519 4113 2620 4170 Fi'
2623 4134 2654 4171 z

508 4191 577 4237 43
607 4186 753 4255 uret]
783 4189 949 4255 urget
973 4203 1041 4255 qv
1062 4203 1198 4242 corr.
1218 4205 1256 4256 3]
1390 4194 1459 4241 44
1486 4187 1632 4240 uiuis
1653 4188 1735 4240 ΕΙ
1863 4193 1930 4241 45
1961 4187 2235 4259 dimittes]
2265 4188 2502 4242 dimittis
2520 4188 2654 4240 νΒπ

508 4256 534 4308 Ι
558 4263 639 4312 11.
697 4264 729 4310 3
756 4258 1041 4311 mimo-aue
1058 4259 1213 4323 fama
1234 4277 1259 4311 ε
1323 4258 1581 4344 minoraq„
1595 4259 1671 4310 E
1654 4276 1690 4327 ]
1753 4259 2040 4313 minoi-aue
2060 4264 2174 4312 cett.
2303 4265 2338 4311 4
2371 4258 2652 4312 Cunctane

364 4322 561 4395 Esz'
566 4344 658 4381 zsv
751 4327 1075 4396 Cunctaque
1129 4324 1199 4380 A'
1204 4325 1383 4395 van‘
1548 4347 1642 4382 uu.
1694 4335 1792 4382 7—
1803 4336 1866 4382 10
1922 4335 1986 4383 ut
2038 4347 2105 4383 ex
2149 4330 2372 4384 Bullati
2414 4346 2654 4398 persona

362 4399 596 4484 scriptos
632 4404 953 4468 acceperunt
986 4400 1143 4468 ylo-ss,
1167 4403 1219 4451 Γ
1359 4405 1387 4452 7
1435 4399 1652 4484 glabiis
1680 4399 1740 4453 F
1738 4395 1782 4452 λ’
1786 4420 1828 4453 π
1982 4407 2048 4454 10
2096 4402 2276 4454 eterra.
2311 4402 2399 4454 uel
2435 4417 2465 4453 e
2501 4401 2653 4454 terra

364 4464 469 4594 F}
472 4464 625 4592 εὗπύ
651 4471 813 4524 schol.
839 4473 891 4522 Γ
957 4471 1003 4524 8⁶
1029 4472 1179 4523 terra.
1207 4470 1268 4521 E
1336 4471 1555 4523 exten-a.
1581 4464 1652 4522 A'
1657 4470 1816 4540 21qu
1962 4477 2028 4525 14
2065 4471 2165 4544 Vt]
2203 4471 2276 4524 Et
2306 4471 2461 4536 Flam
2498 4471 2575 4524 Ut
2601 4475 2652 4540 λ,

361 4555 421 4592 se
582 4559 618 4594 a
652 4542 943 4595 miniatore
