3209 5200
1248 404 1381 448 Lm.
1429 404 1470 449 1.
1521 400 1729 447 12-—15
2555 386 2636 449 13

663 546 739 607 Et
784 548 972 608 malus
1030 549 1211 609 celeri
1259 550 1494 609 saucius
1540 548 1739 607 Africo

664 637 1108 716 Antemnaeque
1156 647 1418 719 gemant,
1464 655 1531 714 ac
1579 639 1707 697 sine
1756 636 1997 697 funibus

756 724 859 785 Vix
907 726 1123 787 durare
1172 729 1406 787 carinae

544 827 576 875 8
843 814 1081 876 Possint
1127 817 1508 894 imperiosius

664 901 945 980 Aequor?
991 923 1111 964 non
1156 904 1265 963 tibi
1313 912 1452 964 sunt
1497 906 1729 983 integra
1775 903 1984 983 lintea,

664 990 795 1051 Non
843 993 930 1074 di,
977 1012 1126 1071 quos
1173 996 1392 1053 iterum
1440 1011 1647 1072 pressa
1694 998 1877 1053 uoces
1923 992 2096 1053 malo.

757 1080 1042 1151 Quamuis
1087 1083 1334 1142 Pontica
1380 1084 1557 1164 pinus
1567 1130 1586 1162 ,

512 1182 574 1229 12
699 1228 708 1235 ,
762 1208 767 1213 -
846 1170 1042 1231 Siluae
1089 1170 1205 1231 filia
1254 1170 1498 1249 nobilis,

667 1256 856 1319 lactes
905 1268 964 1320 et
1008 1278 1197 1338 genus
1245 1267 1306 1319 et
1352 1277 1569 1319 nomen
1617 1259 1855 1320 inutile:

664 1345 759 1405 Nil
808 1350 983 1427 pictis
1029 1347 1272 1409 timidus
1321 1349 1520 1408 nauita
1566 1347 1869 1428 puppibus

754 1436 926 1497 Fidit.
974 1447 1040 1497 tu
1086 1439 1204 1516 nisi
1250 1440 1446 1497 uentis

512 1537 576 1585 16
843 1524 1036 1596 Debes
1081 1526 1433 1607 ludibrium,
1480 1544 1643 1586 caue.

667 1614 871 1693 Nuper
919 1615 1236 1676 sollicitum
1283 1632 1434 1693 quae
1479 1614 1625 1674 mihi
1672 1614 1961 1696 taedium,

666 1702 837 1762 Nunc
886 1704 1247 1765 desiderium
1293 1721 1554 1781 curaque
1602 1721 1723 1763 non
1769 1699 1947 1784 leuis',

755 1791 1050 1852 Interfusa
1097 1794 1342 1852 nitentis

511 1892 580 1939 20
847 1880 1009 1940 Vites
1056 1900 1312 1960 aequora
1360 1879 1656 1959 Cycladas.

1442 2233 1542 2292 XV

666 2361 876 2421 Pastor
923 2379 1058 2420 cum
1107 2360 1372 2419 traheret
1417 2378 1526 2437 per
1572 2359 1726 2418 freta
1773 2358 2026 2419 nauibus

667 2448 855 2509 Idaeis
902 2448 1167 2508 Helenen
1212 2448 1476 2527 perfidus
1523 2446 1843 2526 hospitam,

667 2536 902 2617 Ingrato
950 2537 1162 2597 celeris
1209 2536 1408 2596 obruit
1455 2538 1576 2596 otio

545 2638 578 2684 4
756 2626 1004 2708 VentoS,
1050 2634 1118 2687 ut
1164 2634 1402 2686 caneret
1448 2627 1574 2684 fera

667 2715 895 2776 Nereus
942 2716 1076 2775 fata.
1133 2711 1304 2774 ‘mala
1352 2714 1521 2773 ducis
1569 2715 1666 2774 aui
1714 2712 1982 2796 domum,

669 2803 858 2874 Quam
906 2804 1090 2864 multo
1136 2811 1367 2882 repetet
1414 2801 1660 2863 Graecia
1707 2802 1919 2882 milite,
1984 2863 2005 2878 ,

669 2891 985 2952 Coniurata
1033 2901 1165 2951 tuas
1212 2909 1491 2970 rumpere
1539 2893 1777 2970 nuptias

543 2992 574 3039 8
754 2980 829 3041 Et
875 2998 1127 3059 regnum
1172 2980 1392 3039 Priami
1439 2988 1634 3040 uetus,

666 3068 796 3129 Heu
843 3068 989 3149 heu,
1037 3076 1294 3148 quantus
1341 3070 1538 3148 equis,
1587 3075 1843 3146 quantus
1891 3067 2056 3128 adest
2103 3069 2250 3126 uiris

669 3156 887 3217 Sudor!
937 3166 1154 3236 quanta
1199 3172 1407 3216 moues
1451 3157 1667 3216 funera
1712 3153 2015 3215 Dardanae

668 3244 875 3321 Gentil·
914 3249 1049 3305 iam-
1076 3245 1299 3324 galeam
1345 3245 1534 3304 Pallas
1581 3253 1641 3304 et
1688 3244 1891 3322 aegida

513 3345 576 3391 12
759 3334 1104 3413 currusque
1151 3341 1212 3393 et
1258 3333 1482 3394 rabiem
1527 3343 1711 3412 parat.

666 3421 1072 3502 Nequicquam
1119 3422 1364 3482 Veneris
1409 3422 1705 3501 praesidio
1755 3422 1921 3480 ferox

666 3510 877 3572 Pectes
925 3513 1246 3571 caesariem
1292 3519 1574 3589 grataque
1622 3511 1858 3570 feminis

665 3598 873 3659 Inbelli
920 3601 1143 3660 cithara
1191 3601 1452 3658 carmina
1498 3598 1756 3678 diuides;

513 3701 577 3748 16
755 3688 1164 3766 Nequicquam
1209 3686 1461 3746 thalamo
1510 3689 1711 3766 grauis

583 3909 2401 4002 Α(Αα)γΒ’(Βο)υ’(υτ)ΒῈ(φψ)1’(ιι)δ’(δψῖπιμκαυ)

488 4038 515 4090 Ι
556 4043 636 4092 14.
711 4043 743 4090 5
793 4037 1012 4090 saucius
1048 4035 1263 4105 Africo]
1311 4035 1484 4089 africo
1532 4034 1753 4088 saueius
1797 4038 1827 4087 λ
1910 4038 2067 4089 actus
2114 4035 2287 4089 africo
2334 4034 2541 4104 (affrico
2582 4037 2637 4104 δ’)

343 4103 573 4174 yFld'rc'
639 4107 821 4162 sacius
859 4107 1032 4161 africo
1063 4106 1110 4160 O
1171 4106 1390 4161 saucius
1415 4106 1485 4159 ab
1517 4105 1691 4160 africo
1719 4123 1751 4159 v
1878 4111 1909 4159 8
1934 4123 2010 4174 sq.
2041 4105 2266 4160 Possint
2291 4106 2434 4173 imp:
2464 4122 2596 4174 aeq:
2628 4105 2633 4178 Ι
2670 4109 2677 4114 ”

345 4178 473 4232 Non
510 4178 615 4233 tibi
655 4197 706 4232 s:
743 4178 786 4232 i:
827 4178 874 4232 l:
920 4174 1124 4247 de‘w'
1216 4178 1457 4232 Possunt
1495 4172 1590 4230 Ου’
1636 4175 1730 4242 Pf.
1769 4193 1906 4231 corr.
1945 4177 2176 4230 Seruius
2266 4175 2489 4230 Possint
2524 4182 2639 4230 cett.

459 4255 556 4315 ,20
593 4249 849 4318 cyclades
885 4245 1134 4318 sz'd'L
1209 4248 1448 4302 ciclades
1483 4265 1515 4300 v

488 4321 515 4372 I
574 4325 656 4374 15.
758 4326 789 4373 2
846 4320 1105 4374 helenam
1167 4337 1246 4388 ας]
1355 4319 1573 4373 elenam
1620 4337 1653 4370 υ
1754 4318 1951 4372 helene
2010 4317 2056 4371 G
2152 4358 2198 4374 ..
2222 4335 2325 4372 ‚en
2380 4323 2494 4372 cett.

264 4377 274 4381 ”
349 4397 380 4444 5
413 4390 708 4446 -Proteum
749 4407 860 4459 pro
904 4391 1083 4446 Nereo
1138 4392 1324 4460 leyunt
1371 4391 1726 4459 Porphyrion
1780 4393 1829 4442 et
1878 4391 2037 4443 schol.
2096 4389 2268 4443 Statii
2321 4405 2444 4456 opp.
2499 4406 2639 4447 omn.

345 4463 506 4515 schol.
533 4465 586 4514 Γ
632 4463 960 4516 Priscianus
1020 4461 1334 4516 Victorinus
1496 4467 1527 4514 9
1575 4461 1700 4514 Heu
1736 4460 1847 4514 heu
1887 4455 2168 4514 A'B‘D'R
2255 4459 2413 4514 Eheu
2450 4458 2642 4529 sz'd'

345 4528 450 4585 Lu'
500 4533 598 4586 Ac.
683 4533 880 4586 Heheu
916 4553 959 4585 π
1224 4583 1228 4587 .
