3209 5200
1434 378 1605 425 9—-11
2545 363 2667 427 107

693 526 895 585 Ionius
944 526 1061 585 udo
1108 544 1244 586 cum
1293 528 1636 605 remugiens
1682 526 1850 587 sinus

527 627 601 673 20
782 613 936 675 Noto
982 616 1243 675 carinam
1292 617 1538 695 ruperit.

696 702 903 782 Opima
952 702 1167 783 quodsi
1213 704 1431 783 praeda
1478 723 1668 766 curuo
1715 704 1888 765 litore

782 790 1069 853 Porrecta
1114 810 1351 871 mergos
1398 795 1652 874 iuueriS,

697 878 1075 943 Libidinosus
1122 880 1523 943 immolabitur
1570 900 1748 962 caper

526 982 603 1029 24
784 968 861 1029 Et
906 988 1055 1050 agna
1101 970 1593 1051 Tempestatibus.

1314 1148 1740 1157 ——ae—

1484 1276 1565 1336 Xl

696 1400 881 1480 Petti,
926 1398 1073 1459 nihil
1117 1417 1213 1459 me
1262 1401 1419 1461 sicut
1464 1409 1636 1463 antea
1684 1404 1850 1463 iuuat

787 1486 1061 1549 Scribere
1108 1489 1441 1549 uersiculos
1490 1509 1689 1551 amore
1736 1509 2092 1571 percussum
2138 1491 2336 1569 graui,

696 1579 936 1657 Amore,
984 1578 1086 1655 qui
1134 1596 1227 1637 me
1272 1588 1515 1656 praeter
1560 1582 1754 1641 omnis
1801 1582 2028 1660 expetit

568 1680 605 1726 4
784 1663 1057 1726 Mollibus
1105 1668 1165 1727 in
1211 1670 1417 1746 pueris
1464 1678 1565 1731 aut
1611 1672 1673 1730 in
1718 1668 1933 1749 puellis
1980 1686 2174 1729 urere.

694 1756 804 1817 Hic
852 1756 1066 1815 tertius
1114 1754 1473 1838 December,
1520 1777 1593 1819 ex
1642 1778 1758 1838 quo
1805 1758 2008 1819 destiti

784 1843 1019 1905 Inachia
1066 1845 1296 1924 furere,
1344 1846 1513 1907 siluis
1559 1846 1848 1908 honorem
1895 1847 2135 1907 decutit.

696 1934 826 1996 Heu
874 1951 994 2014 me,
1039 1952 1149 2013 per
1194 1932 1407 1995 urbem
1456 1930 1622 2018 (nam
1669 1937 1854 2017 pudet
1900 1936 2049 1995 tanti
2095 1928 2260 2016 mali)

572 2036 605 2084 8
785 2021 1003 2083 Fabula
1050 2032 1269 2102 quanta
1315 2023 1427 2085 sui!
1475 2027 1892 2085 conuiuiorum
1940 2034 2000 2085 et
2044 2025 2334 2104 paenitet,

692 2112 759 2171 In
807 2113 939 2191 quis
987 2121 1279 2173 amantem
1324 2111 1572 2193 languor
1619 2122 1680 2175 et
1725 2114 2026 2175 silentium

782 2200 992 2278 Arguit
1038 2207 1098 2260 et
1142 2200 1327 2262 latere
1372 2205 1597 2283 petitus
1645 2206 1763 2264 imo
1812 2200 2082 2282 spiritus!

695 2285 1014 2350 ‘Contrane
1060 2289 1295 2351 lucrum
1332 2291 1415 2351 nil
1465 2292 1664 2353 ualere
1711 2291 2026 2353 candidum

537 2390 605 2437 12
781 2378 1070 2458 Pauperis
1116 2375 1473 2459 ingeniuml'
1523 2380 1818 2460 querebar
1864 2380 2180 2460 adplorans
2230 2377 2336 2439 tibi
2356 2428 2375 2461 ‚

700 2467 886 2528 Simul
933 2467 1179 2529 calentis
1226 2470 1672 2531 inuerecundus
1719 2470 1867 2531 deus

783 2556 1129 2618 Feruidiore
1178 2576 1343 2618 mero
1390 2577 1601 2620 arcana
1651 2567 1954 2641 promorat
2000 2552 2151 2620 loco,

697 2641 945 2717 ‘Quodsi
990 2649 1139 2706 meis
1186 2649 1480 2709 inaestuet
1526 2649 1890 2728 praecordiis

536 2750 605 2798 16
783 2732 996 2795 Libera
1042 2733 1201 2816 bilis,
1249 2747 1313 2797 ut
1360 2737 1504 2798 haec
1551 2741 1780 2817 ingrata
1821 2740 2020 2798 uentis
2066 2737 2292 2797 diuidat

694 2823 979 2884 Fomenta
1025 2824 1241 2885 uolnus
1289 2826 1371 2885 nil
1417 2827 1636 2886 malum
1683 2827 1967 2906 leuautia3

782 2913 1026 2973 Desinet
1068 2913 1375 2992 inparibus
1423 2923 1654 2976 certare
1703 2925 2042 2976 summotus
2085 2908 2338 3014 pudor?-

698 2999 802 3060 Vbi
850 3001 995 3062 haec
1043 3020 1294 3063 seuerus
1340 3013 1399 3064 te
1446 3005 1640 3084 palam
1686 3005 2092 3084 laudaueram‚

538 3104 625 3151 2ο.
787 3090 989 3150 [ussus
1036 3090 1198 3151 abire
1246 3092 1488 3154 domum
1534 3092 1770 3155 feiebar
1816 3096 2045 3154 incerto
2091 3091 2242 3172 pede

697 3179 781 3238 Ad
831 3197 949 3238 non
998 3182 1217 3240 amicos
1264 3180 1380 3242 heu
1430 3183 1575 3243 mihi
1622 3186 1810 3264 postis
1859 3191 1919 3242 et
1961 3183 2082 3244 heu

782 3266 1011 3329 Limina
1058 3267 1231 3349 dura,
1280 3269 1497 3348 quibus
1543 3270 1777 3332 lumbos
1825 3280 1885 3332 et
1931 3272 2146 3350 infregi
2193 3270 2364 3330 latus,

694 3356 863 3416 Nunc
912 3356 1219 3434 gloriantis
1267 3358 1592 3438 quamlibet
1639 3360 2052 3421 mulierculam

536 3457 605 3504 24
784 3443 1033 3506 Vincere
1082 3445 1323 3507 mollitia
1370 3467 1534 3509 amor
1580 3448 1814 3529 Lycisci
1860 3469 1952 3510 me
1999 3457 2192 3509 tenet:

730 3599 807 3682 Α
813 3616 1593 3709 (Aa)7ff(B0)RF(oew)2
1598 3621 1961 3709 (wamma
1965 3618 2184 3707 (amu
2189 3618 2322 3708 (av)

522 3747 586 3794 19
644 3739 792 3794 sinus
848 3736 1045 3809 yRFz'
1052 3737 1160 3795 ὄπ’
1164 3761 1203 3796 n
1241 3760 1384 3798 cons.
1413 3761 1444 3797 v
1474 3746 1599 3798 item
1628 3747 1709 3798 A1
1739 3751 1800 3798 nt
1827 3746 1947 3800 nid.
2043 3744 2168 3798 sinu
2211 3739 2284 3798 A'
2289 3743 2363 3798 01.
2389 3760 2527 3798 corr.

358 3819 443 3868 20
480 3813 630 3866 Noto
670 3807 781 3864 δ”π
864 3812 1013 3866 Nota
1050 3813 1105 3895 R
1184 3814 1373 3868 Notho
1412 3811 1548 3869 Fla'
1632 3817 1814 3870 Notus
1851 3811 1920 3868 A'
1922 3814 2089 3884 γ.ολα
2109 3831 2218 3869 ras,
2239 3820 2302 3868 ut
2320 3815 2437 3870 uid.
2519 3815 2671 3868 Noto

364 3884 651 3940 scarinam
670 3882 720 3934 L
820 3889 887 3936 22
902 3882 1107 3938 iuueris
1122 3902 1291 3938 uuar-
1304 3903 1375 3955 vy
1421 3885 1677 3940 uiueritd
1722 3835 1955 3941 iuuerity
1945 3892 2060 3940 cett.
2083 3886 2287 3954 Porph.
2290 3881 2439 3939 'Acr.
2450 3885 2608 3954 yloss.
2626 3889 2676 3938 Γ

516 3953 799 4021 Epod.11.
842 3961 869 4008 1
897 3953 1044 4008 Petti
1062 3952 1397 4010 AGRFzzn'
1415 3957 1469 4008 Ρ
1460 3954 1571 4024 pfh
1590 3954 1810 4025 Porphf
1833 3957 2284 4011 Fortunatianus
2308 3957 2672 4010 Terentianus

379 4025 702 4080 Victorinus
736 4026 890 4078 titali
924 4027 1077 4080 codd.
1108 4022 1330 4080 aO'Fw
1404 4027 1529 4081 Peti
1569 4030 1589 4081 l
1598 4046 1690 4096 pn
1711 4045 1744 4082 v
1782 4029 1882 4083 Ac.
1964 4027 2124 4082 Pecti
2161 4028 2365 4096 adea
2401 4028 2670 4094 expositio

363 4098 599 4151 metrica
643 4096 794 4150 codd.
816 4115 887 4164 ay
924 4097 1083 4150 schol
1112 4101 1163 4150 Γ
1202 4097 1491 4152 Diomedes
1536 4099 1770 4153 Seruius
1817 4101 1882 4154 de
1926 4116 1995 4153 m.
2034 4099 2110 4152 H.
2268 4104 2300 4152 2
2347 4115 2448 4168 pei·
2449 4114 2669 4151 cussum

366 4162 446 4221 A'
448 4168 538 4236 γΒ
585 4167 849 4234 expositio
897 4169 1122 4222 metrica
1168 4169 1317 4222 codd.
1348 4164 1419 4222 A'
1426 4169 1473 4224 Ο
1516 4169 1742 4225 Caesius
1776 4170 1990 4224 Bassus
2025 4169 2314 4224 Diomedes
2355 4169 2672 4223 Victorinus

372 4239 1110 4294 PriscianusDidascalicus
1136 4239 1452 4309 perculsum
1464 4237 1667 4296 ORFz'
1673 4236 1783 4294 ἔπ’
1787 4236 1841 4294 u'
1859 4241 2222 4294 Terentianus
2279 4246 2342 4293 11
2357 4239 2670 4322 Contraque

368 4309 621 4364 Rldlmv
660 4309 754 4375 Pf.
850 4309 1125 4364 Contrane
1162 4315 1277 4365 cett.
1321 4311 1461 4380 Pph.
1500 4312 1720 4367 Plotius
1887 4328 1982 4366 aa.
2016 4317 2148 4365 13—
2155 4317 2223 4364 28
2263 4312 2444 4365 omisit
2470 4311 2526 4364 B

375 4387 442 4436 13
487 4381 898 4436 inuerecundus
969 4382 1315 4436 uerecundus
1362 4384 1463 4438 Ac.
1543 4385 1553 4390 “
1629 4389 1694 4437 16
1743 4383 1949 4452 uentis]
1997 4399 2170 4437 uenus
2216 4377 2287 4436 A'
2291 4379 2336 4436 λ’
2496 4388 2562 4436 21
2614 4384 2672 4438 et

372 4452 515 4506 eheu
551 4469 635 4506 πα
706 4452 850 4506 eheu
1005 4453 1117 4506 heu
1145 4453 1200 4506 R
1344 4459 1411 4506 22
1449 4453 1678 4524 infregi]
1709 4453 1853 4522 fregi
1881 4453 2084 4520 Lamp.
2101 4470 2213 4508 ras.
2285 4453 2479 4524 infrigi
2506 4454 2601 4511 Ra

370 4522 543 4592 fregit
580 4540 688 4579 πα.
706 4539 819 4577 ras.
967 4529 1039 4576 24
1074 4523 1322 4579 mollitia
1359 4527 1396 4578 ὃ
1465 4524 1749 4585 mollitias!
1784 4525 1840 4578 R
1911 4524 2134 4581 mollita
2167 4541 2223 4580 zl
