3209 5200
1168 403 1301 448 Lm.
1331 404 1383 467 1,
1415 401 1509 469 11,
1536 401 1776 469 20—14,
1805 402 1839 448 4
1948 458 1956 467 ,
2522 388 2652 451 203

523 561 590 607 24
682 548 825 607 Vilis
871 549 1197 609 amicorum
1244 556 1335 608 est
1381 567 1640 628 annona,
1685 548 1858 609 bonis
1905 548 2008 609 ubi
2054 550 2196 627 quid
2243 549 2392 609 dest.

680 638 767 697 Ne
814 644 1012 696 tamen
1058 639 1298 716 ignores
1344 656 1463 716 quo
1510 639 1588 697 sit
1634 638 1898 697 Romana
1940 638 2071 697 loco
2117 652 2256 699 ress

681 725 973 786 Cantaber
1018 726 1338 805 Agrippae,
1386 725 1591 786 Claudi
1637 728 1862 787 uirtute
1909 726 2163 786 Neron-is

678 814 997 874 Armenius
1044 814 1284 895 cecidit3
1330 817 1425 875 ius
1470 816 1908 894 imperiumque
1954 814 2238 875 Prahates

522 915 588 963 28
681 903 948 962 Caesaris
994 906 1222 982 acc-epit
1267 902 1517 981 genibus
1562 906 1786 984 minor3
1833 922 2012 964 aurea
2058 905 2261 982 fruges

679 990 875 1051 Italiae
922 991 1097 1071 pleno
1145 992 1416 1052 defundit
1464 992 1645 1071 Copia
1691 1010 1896 1054 cornu.

1441 1365 1576 1425 XIII

682 1489 753 1550 Vt
798 1490 1276 1568 proficiscentem
1324 1489 1498 1550 docui
1546 1497 1604 1549 te
1659 1508 1832 1569 saepe
1881 1489 2132 1569 diuque,
2179 1508 2184 1513 ·

680 1578 945 1657 Augusto
994 1577 1209 1639 reddes
1256 1580 1481 1656 signata
1528 1578 1831 1638 uolumina
1877 1577 2039 1657 Vini,

680 1666 743 1726 Si
790 1666 1019 1727 ualidus
1029 1714 1047 1747 ‚
1095 1668 1147 1725 si
1192 1666 1379 1726 laetus
1428 1668 1567 1748 erit,
1617 1668 1667 1726 si
1714 1666 1969 1745 denique
2018 1672 2257 1746 poscet3

558 1767 593 1813 4
683 1756 769 1816 Ne
818 1754 1016 1815 studio
1064 1755 1254 1814 nostri
1300 1773 1513 1833 pecces
1560 1754 1881 1833 odiumque
1928 1753 2142 1813 libellis

684 1842 937 1905 Sedulus
984 1845 1252 1922 inportes
1300 1860 1479 1921 opera
1527 1843 1880 1903 uehemente
1930 1844 2216 1902 minister.

560 1988 570 1991 ,
683 1933 747 1993 Si
793 1940 851 1992 te
900 1932 1051 1991 forte
1098 1949 1263 1991 meae
1310 1934 1510 2009 grauis
1557 1940 1696 1992 uret
1741 1933 1971 1991 sarcina
2017 1928 2282 2011 chartae,

682 2020 913 2080 Abicite
960 2022 1187 2100 potius·‚
1233 2038 1410 2097 quam
1457 2039 1575 2098 quo
1623 2021 1892 2099 perferre
1941 2018 2166 2079 iuberis

555 2119 587 2168 8
681 2108 936 2169 Clitellas
982 2108 1146 2169 ferus
1192 2110 1463 2187 inpingas
1509 2108 1841 2186 Asinaeque
1888 2115 2202 2186 paternum
2246 2144 2248 2146 >

622 2240 625 2245 -
682 2198 1022 2275 Cognomen
1070 2204 1271 2257 uertas
1316 2199 1379 2256 in
1426 2199 1613 2257 risum
1662 2205 1723 2256 et
1768 2195 1962 2256 sabula
2007 2196 2129 2255 fias,

681 2285 920 2346 Viribus
965 2287 1155 2345 uteris
1202 2303 1311 2364 per
1358 2284 1547 2346 cliuos
1558 2334 1576 2366 ,
1623 2285 1894 2365 flumina,
1941 2283 2138 2345 lamaS.

680 2374 883 2434 Victor
927 2376 1219 2453 propositi
1268 2374 1443 2435 simul
1491 2392 1558 2433 ac
1603 2376 1958 2454 perueneris
2005 2373 2172 2453 illuc,

525 2474 588 2522 12
683 2463 781 2522 Sic
827 2465 1089 2542 positum
1134 2462 1404 2523 seruabis
1451 2481 1602 2523 onus
1613 2511 1631 2544 ,
1678 2481 1752 2524 ne
1802 2464 1954 2522 sorte
2003 2461 2115 2522 sub
2162 2460 2248 2520 ala
2343 2458 2347 2475 '

680 2550 1052 2612 Fasciculum
1097 2559 1302 2631 portes
1348 2550 1667 2631 librorum,
1713 2558 1781 2612 ut
1829 2552 2090 2612 rusticus
2137 2568 2378 2631 agnum,

680 2640 753 2701 Vt
800 2643 1008 2700 uinosa
1054 2640 1285 2718 glomus
1333 2642 1590 2701 furtiuae
1638 2639 1845 2718 Pyrria
1891 2639 2086 2721 lanae,

678 2729 752 2788 Vt
798 2746 935 2788 cum
982 2727 1217 2806 pilleolo
1265 2729 1455 2789 soleas
1503 2730 1758 2789 conuiua
1806 2726 2060 2788 tribulis.

526 2831 588 2877 16
680 2818 766 2877 Ne
815 2817 989 2894 uolgo
1036 2834 1245 2884 narres
1293 2824 1352 2877 te
1392 2816 1702 2877 sudauisse
1750 2816 1996 2875 ferendo

640 2905 953 2965 *Carmina
1000 2923 1149 2984 quae
1196 2907 1428 2984 possint
1473 2904 1677 2964 oculos
1725 2906 2003 2982 aurisque
2054 2905 2273 2962 morari

682 2994 977 3074 Caesaris3
1026 3003 1228 3054 oratus
1276 2993 1458 3054 multa
1503 3011 1714 3073 prece,
1762 2995 1952 3052 nitere
2000 3010 2200 3071 porro.

684 3082 868 3164 Vade,
915 3083 1072 3163 nale,
1120 3100 1265 3142 caue
1312 3101 1387 3142 ne
1434 3081 1657 3142 titubes
1706 3081 2094 3160 mandataque
2143 3082 2394 3159 frangas,

437 3459 467 3485 ι
1428 3417 1589 3478 XIIII

681 3543 860 3603 Vilice
911 3543 1196 3604 siluarum
1244 3551 1305 3602 et
1350 3542 1493 3602 mihi
1539 3561 1634 3602 me
1684 3542 1986 3602 reddentis
2034 3542 2232 3623 agelli,

682 3632 871 3702 Quem
919 3640 984 3691 tu
1032 3630 1261 3691 fastidis
1308 3630 1635 3691 habitatum
1683 3633 1947 3709 quinque
1995 3632 2142 3690 focis
2189 3639 2251 3690 et

682 3721 957 3798 Quinque
1003 3719 1193 3780 bonos
1240 3719 1479 3780 solitum
1525 3718 1756 3778 Variam
1807 3719 2103 3778 dimittere
2151 3726 2352 3798 patres
2363 3768 2381 3800 ,

557 3821 591 3867 4
682 3808 1021 3889 Certemus,
1067 3809 1269 3887 spinas
1316 3809 1587 3866 animone
1636 3825 1746 3885 ego
1794 3808 2008 3867 fortius
2055 3826 2127 3866 an
2176 3815 2240 3866 tu

918 3965 2106 4086 A'(Aa)va91⁵iF(901p)i'(u)m'(wL)v

503 4125 571 4175 25
620 4121 739 4176 Nec
775 4138 889 4175 non
925 4137 1030 4174 zm
1100 4119 1219 4174 Nec
1254 4121 1445 4174 tamen
1480 4136 1513 4173 v
1588 4119 1675 4172 Ne
1710 4121 1902 4172 tamen
1939 4123 2054 4172 cett.
2159 4133 2161 4136 ⁴
2201 4124 2269 4183 29
2307 4117 2565 4172 defundit
2601 4122 2655 4172 A

360 4211 399 4245 a
426 4208 563 4248 corr.
592 4193 709 4246 ead.
738 4209 806 4245 m.
836 4212 869 4261 γ
907 4192 959 4244 L
1040 4190 1259 4246 defudit
1295 4209 1332 4245 a
1343 4208 1435 4259 pr.
1458 4184 1780 4244 ERFk'ze-vz
1851 4188 2077 4242 diffudit
2112 4207 2183 4258 vy
2255 4188 2518 4242 diffundit
2552 4206 2584 4242 v

502 4263 528 4315 I
569 4269 650 4316 13.
725 4269 756 4317 2
795 4279 855 4316 re
896 4262 996 4315 das
1026 4279 1091 4332 ey
1162 4263 1362 4316 reddes
1391 4266 1505 4315 cett.
1578 4261 1749 4315 uenni
1777 4261 1838 4312 E
1903 4259 2060 4312 uinni
2089 4265 2204 4312 cett.
2351 4267 2382 4314 6
2419 4259 2534 4314 urit
2561 4261 2656 4329 ΕΞ]

430 4336 557 4388 uret
600 4339 715 4388 cett.
798 4334 929 4386 urat
977 4333 1305 4386 Priscianus
1450 4338 1519 4385 14
1564 4332 1783 4400 glomus
1821 4325 2101 4398 A'yERac'
2129 4332 2286 4398 ylo-ss.
2312 4334 2365 4383 Γ
2440 4331 2656 4399 glomos

356 4400 561 4474 sz'ze
636 4405 835 4474 globos
862 4421 929 4456 νυ
1059 4409 1126 4457 16
1152 4404 1275 4456 -Nec
1303 4403 1364 4454 E
1432 4403 1557 4456 Neu
1585 4421 1622 4456 a
1694 4403 1778 4456 Ne
1807 4407 1922 4456 cett.
2053 4407 2136 4455 18.
2169 4407 2233 4455 19
2261 4400 2458 4456 nitere.
2486 4418 2651 4470 porro

360 4475 529 4539 uade,
566 4475 719 4530 ualet
757 4475 1067 4542 Remmius,
1104 4475 1231 4528 item
1267 4474 1452 4542 legisse
1488 4474 1749 4527 uideatur
1788 4473 2062 4558 Povjphyr.

502 4546 529 4600 I
561 4553 641 4601 14.
705 4553 737 4602 3
766 4545 980 4601 bariam
1008 4561 1106 4617 κερ
1178 4543 1394 4600 uariam
1423 4549 1537 4600 cett.
1569 4559 1711 4600 com.
1745 4543 1887 4616 Pph.
1926 4539 2170 4617 Porph.';
2197 4563 2230 4595 ν
2253 4560 2458 4619 parum·
2486 4544 2653 4620 liquet
