3209 5200
38 2372 40 2383 -
38 2340 40 2355 „
38 1368 49 2259 -vW-——ss--m—qss—
38 790 51 1359 *r—v—-effi-——v—

1187 402 1318 448 Lm.
1365 403 1406 448 1.
1456 400 1661 450 15-17
2492 384 2575 449 15

601 546 829 608 Tristes
876 556 943 608 ut
989 550 1140 628 irae,
1187 566 1334 627 quas
1381 567 1576 627 neque
1621 549 1875 609 Noricus

600 635 878 697 Deterret
924 639 1084 697 ensis
1132 656 1244 697 nec
1290 656 1452 698 mare
1500 639 1851 716 naufragum

688 726 811 785 Nec
861 744 1072 786 saeuos
1119 729 1272 805 ignis
1319 746 1430 787 nec
1476 726 1785 787 tremendo

439 827 506 873 12
779 814 1047 894 Iuppiter
1092 818 1218 894 ipse
1266 834 1452 877 ruens
1497 816 1774 876 tumultu.

599 903 820 964 Fertur
865 904 1261 965 Prometheus
1309 905 1525 965 addere
1572 907 1832 984 principi

599 991 766 1053 Limo
816 1003 1059 1054 coactus
1104 994 1456 1073 particulam
1490 994 1765 1073 undique

688 1081 1001 1155 Desectam
1049 1091 1109 1143 et
1153 1085 1350 1144 insani
1395 1084 1584 1143 leonis

441 1185 509 1232 16
783 1170 912 1231 Vim
960 1173 1264 1233 stomacho
1311 1175 1660 1252 apposuisse
1708 1180 1931 1233 nostro.

601 1259 728 1320 Irae
780 1259 1079 1339 Thyesten
1128 1264 1306 1323 exitio
1353 1264 1522 1341 graui

603 1349 917 1431 Strauere,
964 1359 1024 1410 et
1069 1350 1202 1411 altis
1249 1350 1500 1411 urbibus
1548 1350 1788 1411 ultimae

692 1438 926 1499 Stetere
975 1458 1217 1523 causae,
1264 1459 1373 1501 cur
1419 1442 1689 1519 perirent

439 1540 509 1587 20
781 1526 1074 1589 Funditus
1125 1532 1613 1608 imprimeretque
1664 1530 1851 1589 muris

600 1616 827 1676 Hostile
875 1626 1139 1679 aratrum
1186 1622 1485 1679 exercitus
1531 1618 1811 1678 insolens,

505 1719 523 1739 ¹
603 1705 925 1783 Compesce
972 1717 1262 1769 mentem:
1310 1726 1401 1768 me
1450 1726 1688 1786 quoque
1734 1710 1995 1785 pectoris

691 1795 1032 1874 Temptauit
1076 1800 1136 1855 in
1184 1797 1344 1857 dulci
1388 1799 1637 1857 iuuenta

436 1896 506 1943 24
782 1884 1012 1945 Feruor
1059 1894 1118 1945 et
1163 1888 1224 1946 in
1272 1885 1498 1946 celeres
1544 1885 1771 1946 iambos

603 1972 760 2034 Misit
807 1975 1132 2057 furentem3
1180 1994 1341 2035 nunc
1389 1994 1495 2053 ego
1543 1975 1787 2036 mitibus

603 2062 832 2122 Mutare
881 2082 1102 2140 quaero
1150 2066 1371 2143 tristia,
1419 2064 1558 2124 dum
1607 2063 1751 2123 mihi

692 2150 825 2211 Fias
869 2156 1188 2213 recantatis
1236 2156 1420 2212 amica

435 2253 504 2301 28
781 2240 1130 2320 Obprobriis
1180 2245 1557 2321 animumque
1596 2241 1827 2302 reddaS.

1217 2419 1381 2427 -...—.—-

1349 2579 1506 2640 XVII

604 2706 785 2771 Velox
832 2725 1147 2768 amoenum
1195 2726 1368 2786 saepe
1417 2705 1779 2768 Lucretilem

605 2796 794 2858 Mutat
839 2796 1067 2876 Lycaeo
1114 2795 1352 2857 Faunus
1401 2804 1461 2856 et
1505 2799 1741 2876 igneam

470 2958 483 2973 .
692 2885 970 2946 Defendit
1017 2894 1301 2946 aestatem
1349 2885 1588 2964 capellis

475 2989 509 3035 4
783 2973 978 3054 Vsque
1029 2976 1175 3034 meis
1221 2974 1577 3054 pluuiosque
1626 2981 1856 3034 uentos,

609 3064 851 3142 Impune
899 3071 1097 3124 tutum
1143 3082 1251 3142 per
1298 3083 1510 3124 nemus
1557 3062 1801 3124 arbutos

607 3151 914 3221 Quaerunt
960 3153 1198 3212 latentis
1246 3160 1306 3212 et
1352 3152 1548 3232 thyma
1595 3153 1805 3213 deuiae

696 3241 924 3301 Olentis
971 3260 1190 3301 uxores
1238 3243 1457 3322 mariti,

479 3343 510 3392 8
784 3329 907 3389 Nec
955 3330 1165 3390 uiridis
1212 3338 1488 3391 metuunt
1535 3331 1809 3391 colubras

603 3418 724 3478 Nec
771 3418 1052 3479 Martialis
1099 3418 1395 3478 Haediliae
1444 3419 1644 3500 lupoS‚

605 3505 934 3586 Vtcumque
970 3496 1168 3589 dulci,
1216 3507 1500 3589 Tyndari,
1547 3509 1741 3570 fistula

694 3593 887 3655 Valles
935 3606 994 3657 et
1041 3596 1271 3656 Vsticae
1320 3597 1592 3658 cubantis

447 3698 510 3744 12
783 3683 964 3745 Leuia
1009 3705 1375 3764 personuere
1424 3705 1601 3752 saxa„

607 3773 676 3831 Di
723 3792 816 3832 me
864 3780 1139 3849 tuentur,
1189 3775 1279 3833 dis
1325 3777 1514 3852 pietas
1560 3794 1692 3835 mea

604 3862 682 3922 Et
726 3881 894 3922 musa
945 3863 1109 3922 cordi
1158 3872 1265 3923 est.
1312 3862 1451 3924 hinc
1499 3864 1608 3923 tibi
1656 3866 1823 3943 copia

293 3977 659 3990 ——-.-—..-.——-——.
681 3985 710 3990 .-

516 4068 870 4158 A'(Aa)yB‘
879 4067 2353 4160 (Bo)1>‘(1>v)RF<W)x(u)‹s'(oz)n‘<w12)u‘(uv)

428 4208 522 4246 uu.
556 4197 764 4247 15—28
805 4195 986 4248 omisit
1010 4195 1066 4247 B
1213 4200 1278 4247 17
1327 4195 1500 4249 altera
1536 4211 1734 4248 manus
1769 4195 1969 4262 incipit
2004 4193 2067 4245 in
2102 4193 2156 4245 A
2195 4193 2263 4259 cf.
2303 4209 2345 4246 c.
2384 4193 2435 4246 II
2472 4199 2505 4246 2

296 4255 539 4326 thyesten
564 4264 664 4317 Ra
725 4265 971 4319 thiesten
994 4261 1399 4334 A⁴701YF22L
1463 4266 1713 4320 chiesten
1737 4266 1772 4317 ὃ
1831 4265 2111 4332 thyestem
2135 4281 2174 4316 u
2236 4263 2496 4318 thiesbem
2514 4266 2577 4319 lv

429 4333 455 4386 I
495 4342 576 4390 17.
655 4341 684 4388 9
721 4335 1004 4391 haediliae
1039 4336 1196 4404 BRqa
1289 4336 1532 4391 hediliae
1567 4333 1695 4404 ψλύ
1787 4335 1992 4389 hedilie
2030 4352 2069 4388 u
2154 4334 2395 4389 aediliae
2436 4335 2578 4405 Pph.

302 4395 495 4472 Porph.
571 4406 773 4461 ediliae
812 4402 908 4461 ὄπ
989 4407 1235 4461 haedilia.
1271 4408 1405 4461 Act
1483 4405 1744 4478 hediliass
1773 4427 1804 4475 γ
1879 4405 2136 4474 haedilia}
2165 4425 2199 4458 a
2273 4406 2484 4460 hedilia
2519 4408 2578 4460 D

299 4469 487 4599 §qepja
512 4478 792 4532 hedorum'
825 4473 995 4544 Acr.')
1071 4478 1241 4532 edilia.
1268 4479 1320 4530 L
1352 4479 1443 4544 Pf.
1477 4478 1635 4544 Porf.
1706 4477 1972 4532 hoedulei
2000 4478 2250 4530 Auratus
2395 4484 2460 4530 14
2487 4477 2581 4531 hic

461 4564 501 4604 c.
575 4549 706 4603 hinc
743 4555 857 4603 cett.
898 4545 1045 4603 Acr.'
